2020 3618
252 286 392 358 Hrsr.
418 285 642 359 Lrurull.
730 291 780 386 '97

96 406 281 490 septuaginta
306 407 379 466 duos
404 407 491 546 ‹ppim
512 425 572 482 tu,
595 407 640 469 M.
664 407 785 482 Vinici,

104 487 284 550 consulatum
300 489 397 548 inires.
440 487 494 546 idit
511 487 556 548 hic
570 509 663 548 annus
677 489 786 550 Venti·

106 571 187 629 dium
207 613 217 642 ,
238 589 290 650 per
317 587 402 649 quam
427 557 530 628 urbem
556 569 632 630 inter
651 572 785 651 captivos

105 649 266 710 Picentium
282 650 312 707 in
328 648 475 730 triumpho
492 647 592 708 dusius
610 668 671 710 erat
681 694 691 722 ,
703 653 733 709 in
750 671 785 711 ea

93 727 285 790 'consularem
305 745 473 810 praetexram
491 727 659 811 jungentem
677 747 786 812 praeto·

105 812 165 871 riae.
185 807 267 869 Idem
285 808 331 869 hic
347 807 447 889 postea
461 811 671 892 triumphavits
785 827 788 834 ’

90 919 93 930 ·
145 887 274 950 LXVI.
293 889 419 949 Furente
443 889 549 948 deinde
571 889 725 964 Antonio,
747 893 786 952 si·

105 970 225 1051 mulque
240 968 351 1049 Lepido
363 1014 373 1040 ,
385 989 510 1050 quorum
520 986 585 1029 uter
607 991 660 1044 ue,
670 988 702 1030 ut
714 992 786 1050 prae-

107 1052 248 1121 diximus,
265 1049 429 1132 reipublicae
444 1048 540 1110 hostes
555 992 672 1130 judicati
687 1067 785 1124 erant,

103 1151 197 1214 quum
224 1129 310 1190 ambo
340 1129 460 1190 mallent
485 1130 541 1190 'sibi
567 1133 688 1190 nuntiari
714 1132 794 1213 quid,

104 1213 184 1294 passi
203 1209 311 1282 essent,
368 1209 414 1270 im
426 1211 503 1349 rpuid
524 1209 786 1314 emeruissent,·re·

38 1430 40 1436 .
106 1287 786 1453 iiiiiiaiii‘is’uriini‘iiiisiiiss}

106 1450 288 1534 proscriptio.
304 1449 384 1512 Nihil
398 1468 457 1511 tarn
475 1451 625 1534 indignum
639 1453 691 1514 illo
707 1471 786 1514 tern-

104 1552 181 1613 pore
198 1529 270 1606 suit,
286 1531 372 1612 quim
388 1532 468 1614 quod
480 1549 527 1592 aut
544 1530 641 1594 Caesar
656 1534 785 1628 aliquem

105 1611 285 1695 proscribere
295 1611 408 1672 coaetus
420 1612 460 1674 est
472 1659 481 1685 ,
495 1615 543 1672 dut
552 1612 660 1674 ab'ullo
676 1612 784 1676 Cicero

106 1691 281 1774 proscriptus
298 1691 362 1766 est;
380 1691 549 1774 abscissaque
567 1693 674 1754 scelere
689 1694 786 1756 Anto·

106 1775 148 1834 nii
172 1795 233 1835 vox
253 1773 369 1853 publica
387 1771 448 1851 est,
473 1793 562 1854 quum
581 1772 643 1852 ejus
666 1771 786 1834 salutem
859 1811 862 1815 ·

106 1873 197 1914 nemo
221 1850 415 1926 defendisset,
435 1855 485 1935 qui
503 1871 556 1933 per
576 1868 622 1914 tot
641 1873 731 1914 annos
751 1855 786 1916 δι

129 1933 253 1994 ublicam
269 1933 390 1992 civitatis
406 1929 439 1994 &
453 1933 594 2013 privatam
612 1935 720 1994 civium
733 1931 786 1994 de·

106 1957 246 2074 senderar.
266 2012 347 2074 Nihil
367 2029 464 2076 tamen
478 2012 586 2096 egisti,
607 2012 651 2074 M.
671 2013 786 2076 Antoni

108 2093 211 2176 [cogit
234 2096 311 2156 enirn
333 2094 474 2157 excedere
498 2096 640 2176 propositi
660 2092 785 2156 sormam

108 2178 235 2255 operis,
253 2195 407 2256 erumpens
428 2179 524 2235 animo
546 2197 578 2234 ac
598 2173 718 2313 pedore
740 2177 786 2240 in·

86 2285 91 2302 ,
109 2255 259 2394 dignatiol]
285 2253 375 2327 nihil,
392 2257 597 2336 inquam,'egi
621 2257 653 2326 i,
672 2267 787 2316 merce·

108 2334 179 2394 dem
196 2356 240 2396 coe
253 2333 383 2396 estissirni
398 2339 455 2395 oris
473 2333 668 2396 &clarissimi
686 2336 786 2415 capitii

108 2413 224 2475 abscissi
236 2414 433 2490 numerando,
451 2413 725 2496 audioramentoque
741 2413 787 2474 fu·

20 2543 29 2558 .
107 2495 193 2558 nebri
208 2495 245 2554 ad
260 2493 468 2556 conservatoris
483 2495 630 2576 quondam
647 2495 802 2574 reipubfi·.,

109 2598 152 2638 cae
165 2576 294 2656 tantique
308 2574 429 2636 consulis
443 2576 582 2636 irritando
599 2595 712 2635 necem.
725 2574 788 2634 Ra-

109 2653 196 2738 puisti
216 2671 248 2714 tu
265 2654 310 2716 M.
329 2653 465 2718 Ciceroni
490 2656 585 2723 lucem
608 2655 786 2726 sollicitam,

83 2797 87 2805 .
111 2740 146 2803 &
165 2751 281 2801 aetatem
298 2733 436 2812 senilem,
453 2739 485 2804 dt
501 2739 593 2803 uitam
611 2735 788 2876 misiriorem
