<?xml version="1.0" encoding="UTF-8"?>
<!DOCTYPE html PUBLIC "-//W3C//DTD XHTML 1.0 Transitional//EN"
    "http://www.w3.org/TR/xhtml1/DTD/xhtml1-transitional.dtd">
<html xmlns="http://www.w3.org/1999/xhtml" xml:lang="en" lang="en">
 <head>
  <title>
</title>
<meta http-equiv="Content-Type" content="text/html;charset=utf-8" />
  <meta name='ocr-system' content='tesseract 3.04.00' />
  <meta name='ocr-capabilities' content='ocr_page ocr_carea ocr_par ocr_line ocrx_word'/>
</head>
<body>
  <div class='ocr_page' id='page_1' title='image "./caiivelleiipate00pategoog_0157.png"; bbox 0 0 2020 3618; ppageno 0'>
   <div class='ocr_carea' id='block_1_1' title="bbox 260 287 783 418">
    <p class='ocr_par' dir='ltr' id='par_1_1' title="bbox 260 287 783 418">
     <span class='ocr_line' id='line_1_1' title="bbox 260 287 783 418; baseline 0.002 -22"><span class='ocrx_word' id='word_1_1' title='bbox 260 304 398 398; x_wconf 72' lang='lat' dir='ltr'><strong>str.</strong></span> <span class='ocrx_word' id='word_1_2' title='bbox 424 331 578 398; x_wconf 59' lang='grc' dir='ltr'><strong>ΜΒΝ</strong></span> <span class='ocrx_word' id='word_1_3' title='bbox 604 331 660 399; x_wconf 87' lang='lat' dir='ltr'><strong>II.</strong></span> <span class='ocrx_word' id='word_1_4' title='bbox 721 287 783 418; x_wconf 53' lang='lat'><strong>141</strong></span> 
     </span>
    </p>
   </div>
   <div class='ocr_carea' id='block_1_2' title="bbox 66 447 868 2778">
    <p class='ocr_par' dir='ltr' id='par_1_2' title="bbox 66 447 868 2778">
     <span class='ocr_line' id='line_1_2' title="bbox 108 447 789 529; baseline -0.003 -22"><span class='ocrx_word' id='word_1_5' title='bbox 108 461 254 527; x_wconf 84' lang='lat' dir='ltr'><strong>mutoque</strong></span> <span class='ocrx_word' id='word_1_6' title='bbox 280 449 406 506; x_wconf 73' lang='lat' dir='ltr'><strong>exercitu</strong></span> <span class='ocrx_word' id='word_1_7' title='bbox 427 465 486 506; x_wconf 89' lang='lat' dir='ltr'><strong>non</strong></span> <span class='ocrx_word' id='word_1_8' title='bbox 509 447 572 528; x_wconf 88' lang='lat' dir='ltr'><strong>plns</strong></span> <span class='ocrx_word' id='word_1_9' title='bbox 596 447 681 529; x_wconf 67' lang='lat' dir='ltr'><strong>quim</strong></span> <span class='ocrx_word' id='word_1_10' title='bbox 705 449 789 528; x_wconf 89' lang='lat' dir='ltr'><strong>quin·</strong></span> 
     </span>
     <span class='ocr_line' id='line_1_3' title="bbox 108 525 789 608; baseline 0.001 -24"><span class='ocrx_word' id='word_1_11' title='bbox 108 548 169 608; x_wconf 84' lang='lat' dir='ltr'><strong>que</strong></span> <span class='ocrx_word' id='word_1_12' title='bbox 189 527 299 585; x_wconf 84' lang='lat' dir='ltr'><strong>dierum</strong></span> <span class='ocrx_word' id='word_1_13' title='bbox 317 529 399 586; x_wconf 78' lang='lat' dir='ltr'><strong>itera</strong></span> <span class='ocrx_word' id='word_1_14' title='bbox 415 529 514 608; x_wconf 87' lang='lat' dir='ltr'><strong>primis</strong></span> <span class='ocrx_word' id='word_1_15' title='bbox 532 525 678 602; x_wconf 84' lang='lat' dir='ltr'><strong>hostium,</strong></span> <span class='ocrx_word' id='word_1_16' title='bbox 694 527 789 587; x_wconf 85' lang='lat' dir='ltr'><strong>Satur·</strong></span> 
     </span>
     <span class='ocr_line' id='line_1_4' title="bbox 109 607 789 689; baseline 0.003 -23"><span class='ocrx_word' id='word_1_17' title='bbox 109 611 211 666; x_wconf 90' lang='lat' dir='ltr'><strong>ninum</strong></span> <span class='ocrx_word' id='word_1_18' title='bbox 234 607 382 666; x_wconf 81' lang='lat' dir='ltr'><strong>admoveri</strong></span> <span class='ocrx_word' id='word_1_19' title='bbox 426 607 572 668; x_wconf 78' lang='lat' dir='ltr'><strong>lacuerat:</strong></span> <span class='ocrx_word' id='word_1_20' title='bbox 594 607 674 689; x_wconf 85' lang='lat' dir='ltr'><strong>cujus</strong></span> <span class='ocrx_word' id='word_1_21' title='bbox 697 631 732 668; x_wconf 81' lang='lat' dir='ltr'><strong>co</strong></span> <span class='ocrx_word' id='word_1_22' title='bbox 755 611 789 668; x_wconf 81' lang='lat' dir='ltr'><strong>iae</strong></span> 
     </span>
     <span class='ocr_line' id='line_1_5' title="bbox 109 629 785 769; baseline 0.001 -23"><span class='ocrx_word' id='word_1_23' title='bbox 109 706 187 767; x_wconf 86' lang='lat' dir='ltr'><strong>pene</strong></span> <span class='ocrx_word' id='word_1_24' title='bbox 213 689 314 769; x_wconf 85' lang='lat' dir='ltr'><strong>aequali</strong></span> <span class='ocrx_word' id='word_1_25' title='bbox 339 631 435 747; x_wconf 53' lang='lat' dir='ltr'><strong>duvii}</strong></span> <span class='ocrx_word' id='word_1_26' title='bbox 456 687 607 749; x_wconf 85' lang='lat' dir='ltr'><strong>intervallo</strong></span> <span class='ocrx_word' id='word_1_27' title='bbox 625 689 661 748; x_wconf 85' lang='lat' dir='ltr'><strong>ab</strong></span> <span class='ocrx_word' id='word_1_28' title='bbox 683 629 785 764; x_wconf 66' lang='lat' dir='ltr'><strong>hoiie,</strong></span> 
     </span>
     <span class='ocr_line' id='line_1_6' title="bbox 109 767 788 848; baseline 0 -21"><span class='ocrx_word' id='word_1_29' title='bbox 109 771 186 827; x_wconf 86' lang='lat' dir='ltr'><strong>intra</strong></span> <span class='ocrx_word' id='word_1_30' title='bbox 210 789 318 848; x_wconf 85' lang='lat' dir='ltr'><strong>paucos</strong></span> <span class='ocrx_word' id='word_1_31' title='bbox 344 768 405 827; x_wconf 90' lang='lat' dir='ltr'><strong>dies</strong></span> <span class='ocrx_word' id='word_1_32' title='bbox 427 770 456 826; x_wconf 90' lang='lat' dir='ltr'><strong>in</strong></span> <span class='ocrx_word' id='word_1_33' title='bbox 474 767 611 848; x_wconf 71' lang='lat' dir='ltr'><strong>praediuo</strong></span> <span class='ocrx_word' id='word_1_34' title='bbox 634 771 788 830; x_wconf 76' lang='lat' dir='ltr'><strong>locutum</strong></span> 
     </span>
     <span class='ocr_line' id='line_1_7' title="bbox 109 846 789 930; baseline 0 -22"><span class='ocrx_word' id='word_1_35' title='bbox 109 846 226 908; x_wconf 83' lang='lat' dir='ltr'>Caesare</span> <span class='ocrx_word' id='word_1_36' title='bbox 250 846 386 927; x_wconf 59' lang='lat' dir='ltr'><strong>juniiurae</strong></span> <span class='ocrx_word' id='word_1_37' title='bbox 413 865 491 906; x_wconf 86' lang='lat' dir='ltr'><strong>erant</strong></span> <span class='ocrx_word' id='word_1_38' title='bbox 511 869 521 920; x_wconf 80' lang='lat'>3</span> <span class='ocrx_word' id='word_1_39' title='bbox 545 867 634 930; x_wconf 89' lang='lat' dir='ltr'><strong>quum</strong></span> <span class='ocrx_word' id='word_1_40' title='bbox 660 849 789 910; x_wconf 80' lang='lat' dir='ltr'><strong>universa</strong></span> 
     </span>
     <span class='ocr_line' id='line_1_8' title="bbox 110 926 789 1010; baseline 0.001 -23"><span class='ocrx_word' id='word_1_41' title='bbox 110 927 284 1000; x_wconf 83' lang='lat' dir='ltr'><strong>Pannonia,</strong></span> <span class='ocrx_word' id='word_1_42' title='bbox 307 926 432 987; x_wconf 87' lang='lat' dir='ltr'><strong>insolens</strong></span> <span class='ocrx_word' id='word_1_43' title='bbox 458 927 552 1010; x_wconf 84' lang='lat' dir='ltr'><strong>longae</strong></span> <span class='ocrx_word' id='word_1_44' title='bbox 579 931 656 1008; x_wconf 79' lang='lat' dir='ltr'><strong>pacis</strong></span> <span class='ocrx_word' id='word_1_45' title='bbox 683 929 789 999; x_wconf 87' lang='lat' dir='ltr'><strong>bonis,</strong></span> 
     </span>
     <span class='ocr_line' id='line_1_9' title="bbox 99 1007 791 1080; baseline -0.003 -10"><span class='ocrx_word' id='word_1_46' title='bbox 99 1009 252 1070; x_wconf 78' lang='lat' dir='ltr'><strong>&amp;adulta</strong></span> <span class='ocrx_word' id='word_1_47' title='bbox 269 1009 377 1068; x_wconf 75' lang='lat' dir='ltr'><strong>vinbus</strong></span> <span class='ocrx_word' id='word_1_48' title='bbox 394 1007 558 1080; x_wconf 87' lang='lat' dir='ltr'><strong>Dalmatia,</strong></span> <span class='ocrx_word' id='word_1_49' title='bbox 570 1008 703 1068; x_wconf 85' lang='lat' dir='ltr'><strong>omnibus</strong></span> <span class='ocrx_word' id='word_1_50' title='bbox 718 1026 791 1068; x_wconf 83' lang='lat' dir='ltr'>trac·</span> 
     </span>
     <span class='ocr_line' id='line_1_10' title="bbox 111 1085 789 1170; baseline 0 -22"><span class='ocrx_word' id='word_1_51' title='bbox 111 1087 157 1148; x_wconf 75' lang='lat' dir='ltr'><strong>tus</strong></span> <span class='ocrx_word' id='word_1_52' title='bbox 176 1085 239 1166; x_wconf 85' lang='lat' dir='ltr'><strong>ejus</strong></span> <span class='ocrx_word' id='word_1_53' title='bbox 257 1090 388 1170; x_wconf 78' lang='lat' dir='ltr'><strong>gentibus</strong></span> <span class='ocrx_word' id='word_1_54' title='bbox 406 1089 435 1148; x_wconf 93' lang='lat' dir='ltr'><strong>in</strong></span> <span class='ocrx_word' id='word_1_55' title='bbox 452 1087 617 1148; x_wconf 79' lang='lat' dir='ltr'><strong>societatem</strong></span> <span class='ocrx_word' id='word_1_56' title='bbox 637 1089 789 1162; x_wconf 60' lang='lat' dir='ltr'><strong>adduffl,</strong></span> 
     </span>
     <span class='ocr_line' id='line_1_11' title="bbox 110 1167 791 1250; baseline 0 -21"><span class='ocrx_word' id='word_1_57' title='bbox 110 1167 262 1245; x_wconf 75' lang='lat' dir='ltr'><strong>constitit,</strong></span> <span class='ocrx_word' id='word_1_58' title='bbox 288 1189 366 1228; x_wconf 79' lang='lat' dir='ltr'>arma</span> <span class='ocrx_word' id='word_1_59' title='bbox 394 1171 540 1250; x_wconf 84' lang='lat' dir='ltr'><strong>corripuit.</strong></span> <span class='ocrx_word' id='word_1_60' title='bbox 561 1168 640 1229; x_wconf 87' lang='lat' dir='ltr'><strong>Tum</strong></span> <span class='ocrx_word' id='word_1_61' title='bbox 664 1167 791 1229; x_wconf 77' lang='lat' dir='ltr'><strong>necessa·</strong></span> 
     </span>
     <span class='ocr_line' id='line_1_12' title="bbox 111 1249 789 1330; baseline -0.001 -21"><span class='ocrx_word' id='word_1_62' title='bbox 111 1251 155 1309; x_wconf 84' lang='lat' dir='ltr'><strong>ria</strong></span> <span class='ocrx_word' id='word_1_63' title='bbox 173 1249 304 1330; x_wconf 84' lang='lat' dir='ltr'><strong>gloriosis</strong></span> <span class='ocrx_word' id='word_1_64' title='bbox 322 1251 474 1330; x_wconf 82' lang='lat' dir='ltr'><strong>praeposita</strong></span> <span class='ocrx_word' id='word_1_65' title='bbox 490 1272 500 1325; x_wconf 92' lang='lat'>;</span> <span class='ocrx_word' id='word_1_66' title='bbox 519 1270 614 1330; x_wconf 88' lang='lat' dir='ltr'><strong>neque</strong></span> <span class='ocrx_word' id='word_1_67' title='bbox 632 1267 725 1310; x_wconf 87' lang='lat' dir='ltr'><strong>tutum</strong></span> <span class='ocrx_word' id='word_1_68' title='bbox 744 1252 789 1310; x_wconf 91' lang='lat' dir='ltr'><strong>vi-</strong></span> 
     </span>
     <span class='ocr_line' id='line_1_13' title="bbox 103 1329 790 1404; baseline 0 -14"><span class='ocrx_word' id='word_1_69' title='bbox 103 1329 194 1404; x_wconf 76' lang='lat' dir='ltr'><strong>¹suin,</strong></span> <span class='ocrx_word' id='word_1_70' title='bbox 206 1329 304 1390; x_wconf 87' lang='lat' dir='ltr'><strong>abdito</strong></span> <span class='ocrx_word' id='word_1_71' title='bbox 318 1335 347 1388; x_wconf 91' lang='lat' dir='ltr'><strong>in</strong></span> <span class='ocrx_word' id='word_1_72' title='bbox 358 1333 494 1391; x_wconf 83' lang='lat' dir='ltr'><strong>interiora</strong></span> <span class='ocrx_word' id='word_1_73' title='bbox 511 1332 655 1403; x_wconf 80' lang='lat' dir='ltr'><strong>exercitu,</strong></span> <span class='ocrx_word' id='word_1_74' title='bbox 668 1351 790 1391; x_wconf 81' lang='lat' dir='ltr'><strong>vacuam</strong></span> 
     </span>
     <span class='ocr_line' id='line_1_14' title="bbox 111 1409 791 1492; baseline 0 -22"><span class='ocrx_word' id='word_1_75' title='bbox 111 1417 172 1470; x_wconf 79' lang='lat' dir='ltr'><strong>t&#39;am</strong></span> <span class='ocrx_word' id='word_1_76' title='bbox 189 1412 286 1472; x_wconf 86' lang='lat' dir='ltr'><strong>vicino</strong></span> <span class='ocrx_word' id='word_1_77' title='bbox 305 1409 378 1470; x_wconf 84' lang='lat' dir='ltr'><strong>hosti</strong></span> <span class='ocrx_word' id='word_1_78' title='bbox 394 1411 555 1492; x_wconf 85' lang='lat' dir='ltr'>relinquere</span> <span class='ocrx_word' id='word_1_79' title='bbox 573 1410 692 1490; x_wconf 22' lang='lat' dir='ltr'><strong>Italiam..</strong></span> <span class='ocrx_word' id='word_1_80' title='bbox 707 1409 791 1472; x_wconf 89' lang='lat' dir='ltr'><strong>Gen·</strong></span> 
     </span>
     <span class='ocr_line' id='line_1_15' title="bbox 112 1492 789 1573; baseline 0 -23"><span class='ocrx_word' id='word_1_81' title='bbox 112 1493 186 1550; x_wconf 87' lang='lat' dir='ltr'><strong>tium</strong></span> <span class='ocrx_word' id='word_1_82' title='bbox 210 1493 438 1573; x_wconf 81' lang='lat' dir='ltr'>nationumque,</span> <span class='ocrx_word' id='word_1_83' title='bbox 465 1511 528 1572; x_wconf 87' lang='lat' dir='ltr'><strong>quae</strong></span> <span class='ocrx_word' id='word_1_84' title='bbox 555 1492 789 1564; x_wconf 83' lang='lat' dir='ltr'><strong>rebellaverant,</strong></span> 
     </span>
     <span class='ocr_line' id='line_1_16' title="bbox 113 1571 790 1654; baseline -0.001 -22"><span class='ocrx_word' id='word_1_85' title='bbox 113 1573 209 1632; x_wconf 85' lang='lat' dir='ltr'><strong>omnis</strong></span> <span class='ocrx_word' id='word_1_86' title='bbox 230 1591 364 1631; x_wconf 87' lang='lat' dir='ltr'><strong>numerus</strong></span> <span class='ocrx_word' id='word_1_87' title='bbox 384 1571 504 1652; x_wconf 75' lang='lat' dir='ltr'><strong>amplius</strong></span> <span class='ocrx_word' id='word_1_88' title='bbox 524 1571 690 1654; x_wconf 72' lang='lat' dir='ltr'><strong>offingentu</strong></span> <span class='ocrx_word' id='word_1_89' title='bbox 702 1573 790 1632; x_wconf 78' lang='lat' dir='ltr'><strong>millia</strong></span> 
     </span>
     <span class='ocr_line' id='line_1_17' title="bbox 112 1651 790 1734; baseline 0 -22"><span class='ocrx_word' id='word_1_90' title='bbox 112 1651 248 1732; x_wconf 78' lang='lat' dir='ltr'>explebat</span> <span class='ocrx_word' id='word_1_91' title='bbox 265 1673 275 1726; x_wconf 92' lang='lat'>;</span> <span class='ocrx_word' id='word_1_92' title='bbox 293 1653 415 1712; x_wconf 82' lang='lat' dir='ltr'>ducenta</span> <span class='ocrx_word' id='word_1_93' title='bbox 440 1653 513 1712; x_wconf 38' lang='lat' dir='ltr'><strong>feru,</strong></span> <span class='ocrx_word' id='word_1_94' title='bbox 520 1655 650 1734; x_wconf 87' lang='lat' dir='ltr'><strong>peditum</strong></span> <span class='ocrx_word' id='word_1_95' title='bbox 672 1653 790 1732; x_wconf 85' lang='lat' dir='ltr'><strong>collige·</strong></span> 
     </span>
     <span class='ocr_line' id='line_1_18' title="bbox 112 1733 789 1812; baseline 0 -21"><span class='ocrx_word' id='word_1_96' title='bbox 112 1734 239 1805; x_wconf 82' lang='lat' dir='ltr'><strong>bantur,</strong></span> <span class='ocrx_word' id='word_1_97' title='bbox 255 1736 340 1791; x_wconf 82' lang='lat' dir='ltr'><strong>annis</strong></span> <span class='ocrx_word' id='word_1_98' title='bbox 358 1733 461 1791; x_wconf 79' lang='lat' dir='ltr'><strong>habilia</strong></span> <span class='ocrx_word' id='word_1_99' title='bbox 480 1755 489 1806; x_wconf 84' lang='lat'>3</span> <span class='ocrx_word' id='word_1_100' title='bbox 513 1735 640 1812; x_wconf 86' lang='lat' dir='ltr'><strong>equitum</strong></span> <span class='ocrx_word' id='word_1_101' title='bbox 659 1753 789 1791; x_wconf 86' lang='lat' dir='ltr'><strong>novem:</strong></span> 
     </span>
     <span class='ocr_line' id='line_1_19' title="bbox 112 1810 791 1894; baseline -0.003 -22"><span class='ocrx_word' id='word_1_102' title='bbox 112 1810 195 1890; x_wconf 83' lang='lat' dir='ltr'><strong>cujus</strong></span> <span class='ocrx_word' id='word_1_103' title='bbox 205 1811 349 1870; x_wconf 78' lang='lat' dir='ltr'><strong>immensae</strong></span> <span class='ocrx_word' id='word_1_104' title='bbox 361 1812 566 1882; x_wconf 80' lang='lat' dir='ltr'><strong>multitudinis,</strong></span> <span class='ocrx_word' id='word_1_105' title='bbox 576 1814 699 1894; x_wconf 83' lang='lat' dir='ltr'><strong>parentis</strong></span> <span class='ocrx_word' id='word_1_106' title='bbox 712 1831 791 1872; x_wconf 87' lang='lat' dir='ltr'>acer-</span> 
     </span>
     <span class='ocr_line' id='line_1_20' title="bbox 66 1891 790 1973; baseline 0 -21"><span class='ocrx_word' id='word_1_107' title='bbox 66 1895 70 1903; x_wconf 84' lang='grc'><em>“</em></span> <span class='ocrx_word' id='word_1_108' title='bbox 112 1894 197 1953; x_wconf 86' lang='lat' dir='ltr'><strong>rimis</strong></span> <span class='ocrx_word' id='word_1_109' title='bbox 213 1913 245 1950; x_wconf 86' lang='lat' dir='ltr'><strong>ac</strong></span> <span class='ocrx_word' id='word_1_110' title='bbox 260 1894 437 1972; x_wconf 81' lang='lat' dir='ltr'><strong>peritissimis</strong></span> <span class='ocrx_word' id='word_1_111' title='bbox 453 1891 590 1966; x_wconf 84' lang='lat' dir='ltr'><strong>ducibus,</strong></span> <span class='ocrx_word' id='word_1_112' title='bbox 609 1913 674 1973; x_wconf 71' lang='lat' dir='ltr'><strong>pars</strong></span> <span class='ocrx_word' id='word_1_113' title='bbox 691 1909 790 1972; x_wconf 86' lang='lat' dir='ltr'>petere</span> 
     </span>
     <span class='ocr_line' id='line_1_21' title="bbox 112 1969 791 2053; baseline -0.003 -19"><span class='ocrx_word' id='word_1_114' title='bbox 112 1973 225 2034; x_wconf 82' lang='lat' dir='ltr'><strong>Italiam</strong></span> <span class='ocrx_word' id='word_1_115' title='bbox 238 1970 425 2045; x_wconf 81' lang='lat' dir='ltr'><strong>decreverat,</strong></span> <span class='ocrx_word' id='word_1_116' title='bbox 440 1969 564 2050; x_wconf 55' lang='lat' dir='ltr'><strong>junium</strong></span> <span class='ocrx_word' id='word_1_117' title='bbox 577 1973 630 2032; x_wconf 84' lang='lat' dir='ltr'><strong>sibi</strong></span> <span class='ocrx_word' id='word_1_118' title='bbox 647 1972 791 2053; x_wconf 87' lang='lat' dir='ltr'><strong>Nauporti</strong></span> 
     </span>
     <span class='ocr_line' id='line_1_22' title="bbox 113 2052 792 2136; baseline 0.003 -24"><span class='ocrx_word' id='word_1_119' title='bbox 113 2076 153 2114; x_wconf 50' lang='lat' dir='ltr'><strong>uc¹</strong></span> <span class='ocrx_word' id='word_1_120' title='bbox 169 2052 315 2136; x_wconf 84' lang='lat' dir='ltr'><strong>Tergestis</strong></span> <span class='ocrx_word' id='word_1_121' title='bbox 338 2053 464 2113; x_wconf 89' lang='lat' dir='ltr'><strong>confinio</strong></span> <span class='ocrx_word' id='word_1_122' title='bbox 482 2075 492 2128; x_wconf 80' lang='lat'><em>3</em></span> <span class='ocrx_word' id='word_1_123' title='bbox 512 2075 576 2134; x_wconf 84' lang='lat' dir='ltr'><strong>pars</strong></span> <span class='ocrx_word' id='word_1_124' title='bbox 596 2055 625 2112; x_wconf 89' lang='lat' dir='ltr'><strong>in</strong></span> <span class='ocrx_word' id='word_1_125' title='bbox 650 2052 792 2114; x_wconf 84' lang='lat' dir='ltr'>Macedo-</span> 
     </span>
     <span class='ocr_line' id='line_1_23' title="bbox 113 2132 791 2217; baseline 0 -23"><span class='ocrx_word' id='word_1_126' title='bbox 113 2138 192 2194; x_wconf 83' lang='lat' dir='ltr'><strong>niam</strong></span> <span class='ocrx_word' id='word_1_127' title='bbox 209 2132 238 2194; x_wconf 88' lang='lat' dir='ltr'><strong>se</strong></span> <span class='ocrx_word' id='word_1_128' title='bbox 257 2133 416 2209; x_wconf 81' lang='lat' dir='ltr'><strong>effuderat;</strong></span> <span class='ocrx_word' id='word_1_129' title='bbox 431 2155 496 2217; x_wconf 82' lang='lat' dir='ltr'><strong>pars</strong></span> <span class='ocrx_word' id='word_1_130' title='bbox 514 2133 568 2194; x_wconf 89' lang='lat' dir='ltr'><strong>suis</strong></span> <span class='ocrx_word' id='word_1_131' title='bbox 584 2132 698 2194; x_wconf 88' lang='lat' dir='ltr'><strong>sedibus</strong></span> <span class='ocrx_word' id='word_1_132' title='bbox 717 2156 791 2214; x_wconf 81' lang='lat' dir='ltr'><strong>prae·</strong></span> 
     </span>
     <span class='ocr_line' id='line_1_24' title="bbox 113 2213 868 2290; baseline -0.001 -15"><span class='ocrx_word' id='word_1_133' title='bbox 113 2216 219 2275; x_wconf 84' lang='lat' dir='ltr'><strong>sidium</strong></span> <span class='ocrx_word' id='word_1_134' title='bbox 230 2213 286 2274; x_wconf 81' lang='lat' dir='ltr'><strong>effe</strong></span> <span class='ocrx_word' id='word_1_135' title='bbox 301 2214 497 2275; x_wconf 73' lang='lat' dir='ltr'><strong>destinaverat.</strong></span> <span class='ocrx_word' id='word_1_136' title='bbox 506 2215 640 2274; x_wconf 84' lang='lat' dir='ltr'><strong>Proxima</strong></span> <span class='ocrx_word' id='word_1_137' title='bbox 654 2215 790 2290; x_wconf 87' lang='lat' dir='ltr'><strong>duobus,</strong></span> <span class='ocrx_word' id='word_1_138' title='bbox 863 2228 868 2233; x_wconf 82' lang='lat'>&#39;</span> 
     </span>
     <span class='ocr_line' id='line_1_25' title="bbox 113 2293 790 2366; baseline -0.001 -10"><span class='ocrx_word' id='word_1_139' title='bbox 113 2296 219 2356; x_wconf 85' lang='lat' dir='ltr'><strong>Batoni</strong></span> <span class='ocrx_word' id='word_1_140' title='bbox 237 2315 270 2353; x_wconf 86' lang='lat' dir='ltr'><strong>ac</strong></span> <span class='ocrx_word' id='word_1_141' title='bbox 288 2294 401 2366; x_wconf 72' lang='lat' dir='ltr'><strong>pineti,</strong></span> <span class='ocrx_word' id='word_1_142' title='bbox 420 2295 537 2354; x_wconf 87' lang='lat' dir='ltr'><strong>ducibus</strong></span> <span class='ocrx_word' id='word_1_143' title='bbox 554 2293 702 2352; x_wconf 66' lang='lat' dir='ltr'><strong>aukioritas</strong></span> <span class='ocrx_word' id='word_1_144' title='bbox 720 2311 790 2356; x_wconf 85' lang='lat' dir='ltr'><strong>erat.</strong></span> 
     </span>
     <span class='ocr_line' id='line_1_26' title="bbox 113 2372 792 2455; baseline -0.003 -20"><span class='ocrx_word' id='word_1_145' title='bbox 113 2375 149 2435; x_wconf 90' lang='lat' dir='ltr'><strong>In</strong></span> <span class='ocrx_word' id='word_1_146' title='bbox 166 2373 298 2434; x_wconf 85' lang='lat' dir='ltr'><strong>omnibus</strong></span> <span class='ocrx_word' id='word_1_147' title='bbox 316 2391 412 2434; x_wconf 82' lang='lat' dir='ltr'><strong>autem</strong></span> <span class='ocrx_word' id='word_1_148' title='bbox 428 2374 581 2434; x_wconf 87' lang='lat' dir='ltr'><strong>Pannoniis</strong></span> <span class='ocrx_word' id='word_1_149' title='bbox 597 2393 655 2432; x_wconf 90' lang='lat' dir='ltr'><strong>non</strong></span> <span class='ocrx_word' id='word_1_150' title='bbox 671 2372 792 2455; x_wconf 88' lang='lat' dir='ltr'><strong>discipli·</strong></span> 
     </span>
     <span class='ocr_line' id='line_1_27' title="bbox 113 2454 791 2536; baseline -0.003 -20"><span class='ocrx_word' id='word_1_151' title='bbox 113 2477 161 2516; x_wconf 86' lang='lat' dir='ltr'><strong>nae</strong></span> <span class='ocrx_word' id='word_1_152' title='bbox 178 2456 402 2526; x_wconf 87' lang='lat' dir='ltr'><strong>tantummodo,</strong></span> <span class='ocrx_word' id='word_1_153' title='bbox 419 2454 469 2514; x_wconf 86' lang='lat' dir='ltr'><strong>sed</strong></span> <span class='ocrx_word' id='word_1_154' title='bbox 485 2455 586 2536; x_wconf 83' lang='lat' dir='ltr'><strong>linguae</strong></span> <span class='ocrx_word' id='word_1_155' title='bbox 604 2475 720 2535; x_wconf 87' lang='lat' dir='ltr'><strong>quoque</strong></span> <span class='ocrx_word' id='word_1_156' title='bbox 728 2455 791 2514; x_wconf 73' lang='lat' dir='ltr'><strong>&#39;no-</strong></span> 
     </span>
     <span class='ocr_line' id='line_1_28' title="bbox 114 2535 791 2616; baseline -0.001 -20"><span class='ocrx_word' id='word_1_157' title='bbox 114 2539 178 2596; x_wconf 81' lang='lat' dir='ltr'><strong>titia</strong></span> <span class='ocrx_word' id='word_1_158' title='bbox 197 2535 357 2610; x_wconf 85' lang='lat' dir='ltr'><strong>Romanae,</strong></span> <span class='ocrx_word' id='word_1_159' title='bbox 374 2535 515 2616; x_wconf 86' lang='lat' dir='ltr'><strong>plerisque</strong></span> <span class='ocrx_word' id='word_1_160' title='bbox 532 2537 617 2594; x_wconf 81' lang='lat' dir='ltr'><strong>etiam</strong></span> <span class='ocrx_word' id='word_1_161' title='bbox 635 2537 791 2595; x_wconf 83' lang='lat' dir='ltr'><strong>litterarum</strong></span> 
     </span>
     <span class='ocr_line' id='line_1_29' title="bbox 85 2615 792 2688; baseline -0.001 -12"><span class='ocrx_word' id='word_1_162' title='bbox 85 2685 88 2688; x_wconf 45' lang='grc'><strong>,</strong></span> <span class='ocrx_word' id='word_1_163' title='bbox 113 2615 181 2676; x_wconf 88' lang='lat' dir='ltr'><strong>usus</strong></span> <span class='ocrx_word' id='word_1_164' title='bbox 197 2615 385 2676; x_wconf 84' lang='lat' dir='ltr'><strong>&amp;familiaris</strong></span> <span class='ocrx_word' id='word_1_165' title='bbox 403 2619 561 2676; x_wconf 88' lang='lat' dir='ltr'><strong>animorum</strong></span> <span class='ocrx_word' id='word_1_166' title='bbox 576 2631 636 2674; x_wconf 86' lang='lat' dir='ltr'>erat</span> <span class='ocrx_word' id='word_1_167' title='bbox 655 2617 792 2676; x_wconf 85' lang='lat' dir='ltr'><strong>exercita-</strong></span> 
     </span>
     <span class='ocr_line' id='line_1_30' title="bbox 113 2695 790 2778; baseline 0 -22"><span class='ocrx_word' id='word_1_168' title='bbox 113 2700 165 2756; x_wconf 84' lang='lat' dir='ltr'><strong>ti0.</strong></span> <span class='ocrx_word' id='word_1_169' title='bbox 183 2695 283 2778; x_wconf 84' lang='lat' dir='ltr'><strong>Itaque</strong></span> <span class='ocrx_word' id='word_1_170' title='bbox 301 2697 452 2772; x_wconf 76' lang='lat' dir='ltr'><strong>hercules,</strong></span> <span class='ocrx_word' id='word_1_171' title='bbox 470 2697 547 2756; x_wconf 87' lang='lat' dir='ltr'><strong>nulla</strong></span> <span class='ocrx_word' id='word_1_172' title='bbox 562 2715 697 2776; x_wconf 87' lang='lat' dir='ltr'><strong>umquam</strong></span> <span class='ocrx_word' id='word_1_173' title='bbox 712 2698 790 2756; x_wconf 86' lang='lat' dir='ltr'><strong>natio</strong></span> 
     </span>
    </p>
   </div>
   <div class='ocr_carea' id='block_1_3' title="bbox 115 2775 881 2858">
    <p class='ocr_par' dir='ltr' id='par_1_3' title="bbox 115 2775 881 2858">
     <span class='ocr_line' id='line_1_31' title="bbox 115 2775 881 2858; baseline -0.007 -19"><span class='ocrx_word' id='word_1_174' title='bbox 115 2795 175 2853; x_wconf 76' lang='lat' dir='ltr'><strong>tam</strong></span> <span class='ocrx_word' id='word_1_175' title='bbox 196 2776 306 2841; x_wconf 58' lang='lat' dir='ltr'><strong>maturi</strong></span> <span class='ocrx_word' id='word_1_176' title='bbox 327 2779 448 2851; x_wconf 78' lang='lat' dir='ltr'><strong>consilio</strong></span> <span class='ocrx_word' id='word_1_177' title='bbox 466 2777 537 2840; x_wconf 90' lang='lat' dir='ltr'><strong>belli</strong></span> <span class='ocrx_word' id='word_1_178' title='bbox 551 2777 661 2838; x_wconf 84' lang='lat' dir='ltr'><strong>bellum</strong></span> <span class='ocrx_word' id='word_1_179' title='bbox 679 2775 790 2858; x_wconf 70' lang='lat' dir='ltr'><strong>junxit,</strong></span> <span class='ocrx_word' id='word_1_180' title='bbox 880 2824 881 2827; x_wconf 63' lang='lat'>,</span> 
     </span>
    </p>
   </div>
   <div class='ocr_carea' id='block_1_4' title="bbox 0 0 1023 3618">
    <p class='ocr_par' dir='ltr' id='par_1_4' title="bbox 0 0 1023 3618">
     <span class='ocr_line' id='line_1_32' title="bbox 0 0 1023 3618; baseline 0 0"><span class='ocrx_word' id='word_1_181' title='bbox 0 0 1023 3618; x_wconf 95' lang='lat' dir='ltr'><strong> </strong></span> 
     </span>
    </p>
   </div>
  </div>
 </body>
</html>
