2020 3618
234 335 375 408 Hrsr.
401 339 556 407 Ltuen
580 337 634 408 ΙΙ.
720 360 772 433 79·

86 461 185 521 civem
207 455 362 527 occisum,
428 476 447 515 o
465 473 554 515 nemo
578 453 770 537 perniciosior

86 541 129 599 rei
151 537 272 612 ublicae,
289 477 479 618 nequebbnis
491 537 635 596 inimicior
645 538 768 598 vixerat.

165 616 288 678 LVIII.
310 616 387 678 Intra
407 617 497 678 breve
521 616 625 678 deinde
645 616 773 698 spatium

87 698 160 760 belli
180 699 271 759 civilis
292 696 455 758 exarserunt
479 699 561 758 initia
579 720 589 774 3
606 719 695 780 quum
711 696 768 778 jus·

87 781 213 840 tissimus
234 777 352 860 quisque
374 779 406 840 &
427 800 443 838 a
463 775 575 838 Caesare
595 781 628 841 &
647 801 663 838 a
680 777 770 840 Pom·

86 863 155 941 peio
166 858 258 920 vellet
270 859 375 920 dimitti
384 860 536 919 exercitus.
549 857 671 940 Quippe
684 859 769 919 Pom·

85 942 169 1022 peius
184 943 213 999 in
232 939 358 1000 secundo
378 938 527 999 consulatu
544 937 694 1020 Hispanias
715 941 769 1000 sibi

87 1021 205 1082 decerni
225 1021 381 1092 voluerat,
400 1017 508 1100 easque
541 1039 572 1079 er
593 1021 765 1094 triennium,

86 1099 189 1160 absens
205 1098 265 1182 ipse
283 1121 316 1160 ac
334 1100 488 1182 praesidens
533 1099 593 1172 rbi,
612 1120 664 1180 per
682 1098 772 1159 Afra··

86 1183 170 1242 nium
189 1181 222 1243 δι
236 1179 401 1254 Petreium,
421 1177 599 1240 consularem
614 1201 647 1239 ac
663 1197 770 1261 praeto·

86 1263 182 1331 rium,
197 1259 308 1344 legatos
322 1257 406 1333 suos,
422 1256 651 1334 administrabat3
667 1264 699 1322 δι
712 1263 767 1335 iis,

87 1342 140 1423 qui
159 1361 176 1400 a
196 1338 309 1402 Caesare
329 1339 514 1402 dimittendos
535 1344 676 1402 exercitus
696 1351 773 1400 con·v
818 1341 821 1347 ’

86 1421 271 1494 tendebant,
286 1417 471 1483 assentabatur
486 1443 495 1496 ;
514 1422 569 1497 iis,
586 1424 634 1503 qui
648 1421 684 1481 ab
703 1422 768 1503 ipso

88 1521 226 1584 quoque,
246 1500 471 1564 adversabatur:
491 1506 538 1582 qui
558 1504 581 1562 si
599 1520 663 1562 ante
684 1501 770 1562 bien*

87 1585 170 1643 nium
214 1580 278 1644 uim
300 1582 337 1643 ad
360 1603 438 1642 arma
456 1583 528 1642 itum
550 1580 615 1655 est,
635 1582 767 1664 perfeslis

86 1605 255 1724 muneribus
270 1662 374 1723 theatri
390 1663 554 1726 &aliorum
566 1684 688 1743 operum
701 1684 767 1745 quae

87 1746 123 1820 ei¹
135 1742 345 1814 circumdedit,
362 1743 529 1826 gravissimi
545 1759 667 1804 tentatus
687 1742 768 1803 vale·

87 1824 190 1885 tudine
208 1821 369 1882 decessisset
385 1826 414 1882 in
433 1820 590 1904 Campania
605 1821 687 1903 [quo
705 1826 768 1904 qui·

87 1904 160 1964 dem
178 1919 311 1984 ternpore
327 1901 459 1962 universa
476 1901 556 1963 ltalia
571 1923 643 1962 vota
659 1923 712 1985 pro
726 1901 769 1963 sa·

88 1985 149 2046 lute
167 1981 249 2058 ejus,
291 1985 364 2044 rimo
383 1986 513 2044 omnium
529 1985 657 2058 civium,
678 1981 768 2045 susce-

88 2063 155 2148 pit]
173 2061 251 2124 desui
276 2081 304 2124 et
318 2063 440 2124 fortunae
462 2064 627 2125 destruendi
648 2061 709 2144 ejus
722 2065 769 2125 lo-

88 2167 162 2220 cus;
179 2147 211 2207 &
227 2167 313 2227 quam
329 2146 404 2224 apud
420 2143 536 2227 superos
554 2146 689 2206 habuerat
708 2169 768 2206 ma-

90 2226 297 2308 gnitudinem,
317 2225 455 2286 illibatam
478 2225 620 2286 detulisset
643 2227 679 2284 ad
697 2227 769 2286 infe-

90 2326 151 2365 ros.
167 2305 249 2366 bello
262 2321 359 2365 autem
371 2306 466 2378 civili,
484 2308 517 2367 ὅ(
532 2322 595 2378 tot,
613 2326 676 2386 quae
690 2306 770 2365 dein·

90 2384 129 2446 de
147 2406 199 2466 per
215 2390 369 2446 continuos
386 2388 487 2468 viginti
509 2405 600 2445 annos
618 2384 768 2448 consecuta

88 2465 175 2536 sunt,
192 2467 296 2540 malis,
316 2488 377 2526 non
397 2468 467 2526 alius
490 2463 629 2545 majorem
648 2467 768 2548 flagrem»

88 2548 252 2628 tioremque
268 2546 355 2628 quim
372 2545 408 2608 C.
422 2546 512 2609 Curio
526 2548 655 2608 tribunus
674 2547 768 2629 plebis

87 2625 211 2698 subjecit
234 2626 325 2686 facem
345 2647 354 2701 ;
377 2631 421 2688 vir
446 2627 578 2702 nobilis,
604 2627 768 2710 eloquens,

89 2707 205 2780 audax,
225 2706 281 2767 suae
299 2707 454 2791 alienaeque
476 2707 646 2771 &fortunae
665 2710 697 2770 ὃ(
712 2731 769 2790 pu-

88 2789 197 2851 dicitiae
229 2789 395 2872 prodigos,
422 2791 512 2851 homo
540 2791 768 2871 ingeniosissimi

587 2867 668 2930 Div
