2020 3618
241 305 308 408 μέ
362 321 398 393 C.
427 324 560 394 Vuur.
587 321 788 392 PArunc.

234 445 266 502 in
281 439 435 502 Germania
449 438 544 504 clade's
561 439 610 501 sub
626 440 720 522 legato
735 439 780 502 M.
792 441 917 516 Lollio,
1004 471 1005 500 2

234 523 353 583 homine
370 524 400 582 in
417 523 660 602 omniaspecuniae
677 521 762 601 quim
779 523 858 583 recle
875 525 917 584 fe·
1004 531 1005 534 ’

236 603 331 662 ciendi
346 603 516 684 cupidiore,
529 603 562 662 ὃ(
578 603 652 661 inter
670 600 809 662 summanr
824 607 917 664 vitio-

235 705 299 742 rum
318 683 577 744 dissimulationem
596 683 807 756 vitiosissimo;
828 685 918 744 amis-

235 761 320 842 saque
344 762 465 844 legionis
492 764 600 844 quintae
621 763 712 844 aquila
735 767 856 826 vocavit
880 767 916 826 ab

234 842 316 902 Urbe
337 845 367 901 in
390 842 500 905 Gallias
526 841 679 904 Caesarem.
705 840 783 903 Cura
807 845 917 906 deinde

235 940 322 1004 atque
332 945 406 984 onus
417 923 583 987 Germanici
594 923 664 984 belli
674 923 806 1005 delegate
815 924 916 986 Druso

236 1001 387 1078 Claudio,
406 1002 485 1064 fratri
504 1003 654 1076 Neronis,
677 1002 852 1064 adolescenti
872 1024 918 1066 tot

236 1097 435 1168 tantarumque
456 1087 621 1158 virtutum,
645 1101 717 1166 quot
740 1085 772 1146 &
795 1104 917 1165 quantas

236 1183 337 1224 natura
354 1165 483 1226 mortalis
501 1166 619 1245 recipit,
632 1164 682 1226 vel
698 1163 835 1224 industria
850 1188 919 1246 per·
1004 1217 1005 1228 i

237 1243 297 1307 ficit
308 1265 317 1318 3
330 1242 409 1326 cujus
426 1247 572 1328 ingenium
589 1261 683 1304 utrum
699 1244 811 1305 bellicis
826 1251 921 1330 magis

236 1327 398 1408 operibus,
417 1347 453 1386 an
476 1325 607 1386 civilibus
625 1323 766 1386 suffecerit
785 1329 919 1402 artibus,

236 1407 267 1466 in
287 1409 398 1467 incerto
418 1403 468 1466 est.
493 1405 612 1466 Morum
634 1407 710 1466 certe
734 1405 862 1468 dulcedo
885 1431 919 1470 ac

237 1486 380 1560 suavitas,
400 1489 432 1548 δι
443 1486 580 1546 edversirs
596 1488 705 1546 amicos
721 1508 803 1568 aequa
822 1510 855 1548 ac
869 1509 921 1570 par

237 1567 279 1628 sui
299 1567 448 1628 aestimatio
460 1611 473 1638 ‚
491 1566 665 1626 inimitabilis
688 1565 768 1627 fuine
794 1569 900 1630 dicitur
912 1593 930 1631 ι·
1004 1621 1005 1646 1

236 1669 306 1708 nam
324 1647 507 1728 pulchritudo
523 1650 653 1728 corporis
668 1649 923 1728 proxima-frater-

236 1750 284 1790 nae
304 1725 366 1788 fuit.
385 1725 444 1786 Sed
461 1728 566 1800 illum,
584 1749 687 1810 magna
703 1749 738 1788 ex
760 1747 843 1818 parte
865 1732 924 1792 do-

237 1811 373 1870 mitorem
391 1805 554 1868 Germaniae
570 1854 578 1878 ,
597 1809 724 1890 plurimo
743 1829 806 1888 ejus
825 1815 923 1892 gentis

237 1891 324 1948 variis
340 1889 369 1948 in
389 1887 594 2028 locis1profuso
615 1887 772 1970 sanguine,
791 1889 924 1953 fatorum

237 1971 390 2049 iniquum,
408 1991 464 2029 con

239 2128 369 2190 transsata
387 2131 416 2186 in
433 2127 584 2188 Neronem
601 2129 662 2204 est,
680 2131 759 2213 quod
777 2135 801 2192 is
820 2132 872 2193 sud
892 2135 926 2196 ὅ(

238 2209 344 2268 virtute
363 2210 395 2270 dt
413 2205 529 2269 fortuni
546 2210 750 2272 administravit
762 2233 771 2284 3
783 2233 932 2296 peragra-¹

237 2286 339 2370 rusque
362 2288 455 2349 victor
480 2310 583 2350 omnes
607 2310 701 2374 partes
720 2289 926 2368 Germaniae,

214 2419 216 2424 .
238 2371 300 2432 sine
317 2369 378 2429 ullo
393 2371 569 2434 detrimento
588 2373 735 2433 commissi
755 2376 928 2450 exercitiis,

259 2449 319 2510 uod
345 2451 487 2532 praecipuit
511 2451 577 2512 huic
607 2453 672 2512 duci
700 2451 816 2533 semper
846 2478 927 2516 curae

237 2471 311 2602 duit,
327 2533 371 2604 ¹sic
397 2531 563 2611 perdomuit
585 2554 671 2604 eam,
691 2551 722 2593 ut
741 2535 771 2592 in
792 2533 928 2597 formam

238 2631 314 2748 pene
346 2608 534 2691 stipendiariae
569 2615 709 2693 redigeret
747 2618 928 2694 provinciae.

269 2711 320 2748 um
335 2691 404 2750 alter
422 2691 602 2772 triumphus,
618 2713 684 2754 cum
702 2692 794 2756 altero
816 2698 930 2763 consu·

238 2769 296 2834 latu
305 2814 321 2844 ,‚
336 2772 363 2832 ei
383 2771 493 2834 oblatus
514 2769 567 2836 est·

478 1970 577 2038 ulem,
595 1987 728 2052 agentem
746 1991 856 2031 annum
874 1976 927 2033 tri·
1004 1969 1005 2036 l

238 2052 398 2118 cesimum,
413 2051 514 2128 rapuit.
531 2049 628 2110 Moles
646 2051 750 2111 deinde
768 2049 832 2130 ejus
847 2053 926 2114 belli
1004 2061 1005 2126 f

1004 2077 1005 2118 t

1004 2157 1005 2214 l

1003 2215 1005 2266 l

1003 2667 1005 2704 l

1003 2709 1005 2750 l

1003 2755 1005 2776 t
