2020 3618
220 313 361 382 Hirr.
387 314 623 382 Lrnnnll.
686 335 750 411 125

75 427 264 514 Egnatianum
282 429 372 492 scelus
392 447 576 512 erumperet,
594 433 666 492 circa
686 431 754 492 Mu·

75 533 152 572 renae
169 511 371 594 Caepionisque
389 510 596 593 conjurationis
616 529 754 592 tempus,

75 591 177 653 abhinc
194 613 284 656 annos
302 595 371 673 quin
394 596 524 674 uagina,
540 591 586 653 M.
595 591 753 654 Marcellus

74 671 180 734 sororis
197 671 317 756 Augusti
335 614 467 742 Qiqiaviae
487 671 579 743 silius,
593 694 681 755 quem
697 673 753 734 lto·

74 755 167 814 mines
185 756 242 826 ita,
259 757 283 814 si
302 755 373 835 quid
391 753 535 814 accidisset
551 751 676 828 Caesari,
689 753 752 814 suc·

75 833 212 898 cessorem
227 837 365 917 potentiae
382 831 443 912 ejus
457 834 662 894 arbitrabantur
675 833 752 894 suru-

74 935 137 976 rum
152 961 162 990 ‚
179 934 212 976 ut
229 913 326 974 tamen
344 914 375 974 id
393 935 445 994 per
463 914 508 974 M.
526 914 599 995 Agri
623 936 688 994 pam
708 915 753 974 se·

74 1016 144 1056 curo
156 998 182 1056 ei
195 993 274 1077 polle
285 997 452 1077 contingere
463 1015 522 1054 non
539 997 584 1054 exi
612 998 753 1069 imarent,

73 1073 356 1154 magnificentissimo
372 1095 494 1136 munere
502 1075 642 1138 aedilitatis
654 1076 754 1150 edito,

74 1155 198 1218 decessit
208 1157 367 1218 admodum
376 1153 506 1236 juvenis,
515 1156 598 1230 sani,
613 1159 752 1230 maium,

72 1237 260 1318 ingenuarum
282 1240 442 1310 virtutum,
458 1235 593 1318 laetusque
612 1239 698 1298 animi
719 1240 753 1298 &

72 1319 201 1399 ingenii,
219 1316 398 1398 fortunaeque
416 1363 425 1387 ,
444 1319 474 1376 in
493 1337 580 1398 quam
600 1318 753 1389 alebatur,

72 1417 170 1478 capax.
192 1395 259 1460 Post
282 1394 364 1475 cujus
390 1397 501 1458 obitum
522 1397 679 1480 Agrippa,
701 1400 752 1478 qui

72 1477 123 1538 su'b
134 1478 231 1560 specie
244 1476 464 1538 ministeriorum
474 1481 670 1560 principalium
682 1501 753 1559 pro-

71 1557 161 1619 setius
177 1561 206 1618 in
223 1558 349 1629 Asiam,
364 1575 394 1618 ut
410 1557 485 1618 fama
502 1559 646 1641 loquitur,
659 1559 698 1620 ob
710 1579 755 1619 ta-

72 1641 141 1700 citas
158 1660 226 1700 cum
243 1638 383 1700 Marcello
401 1637 599 1712 offensiones,
619 1639 753 1718 praesenti

72 1718 100 1780 se
116 1720 290 1780 subduxerat
307 1723 454 1800 tempori,
468 1719 596 1780 reversus
612 1720 702 1790 inde,
719 1717 755 1778 fi·

72 1800 139 1862 liam
154 1799 276 1861 Caesaris
286 1799 411 1872 Iuliam,
426 1821 514 1940 ‹puam
526 1804 555 1860 in
566 1802 752 1860 matrimonio

73 1881 231 1944 Marcellus
252 1879 412 1952 habuerat,
452 1884 511 1940 unit
525 1899 685 1952 ¹unorem3
707 1877 721 1938 s
736 1913 753 1926 ·

71 1965 180 2026 minam
193 1981 290 2043 neque
308 1961 362 2020 sibi
376 1981 472 2043 neque
482 1961 647 2044 reipublicae
659 1958 754 2020 felicis

72 2060 155 2106 uteri.

51 2131 75 2195 j
113 2123 243 2186 XCIV.
265 2122 332 2184 Hoc
356 2122 444 2184 trasiu
469 2139 657 2206 tempotum,
680 2120 752 2182 Tib.

73 2200 211 2266 Claudius
228 2203 336 2274 Nero,
353 2225 412 2284 quo
433 2207 543 2274 trimo,
562 2222 594 2262 ut
616 2204 752 2284 praedixi·

71 2305 160 2357 mus,
175 2283 260 2346 Livia
268 2283 359 2344 Drusi
370 2281 520 2344 Claudiani
532 2281 588 2342 filia
599 2325 613 2353 ,
627 2279 753 2360 despon-

72 2364 161 2426 dente
172 2364 292 2426 Nerone
311 2365 358 2424 tui
376 2363 441 2424 ante
458 2381 546 2444 nupta
559 2361 671 2432 fuerat,
688 2359 754 2421 Cae-

71 2441 124 2505 sari
145 2444 302 2526 nupserat,
323 2446 474 2504 innutritus
498 2441 657 2503 coelestium
678 2464 753 2524 pra-

71 2542 226 2604 ceptorum
245 2523 397 2606 disciplinis
407 2569 417 2599 ,
427 2522 539 2604 juvenis
552 2542 657 2604 genere
669 2567 679 2593 ,
691 2521 753 2582 sor-

71 2607 139 2678 mi,
159 2605 327 2666 celsitudine
340 2609 489 2687 corporis,
505 2627 523 2665 ο
546 2605 622 2664 timis
636 2602 754 2676 studiis,

71 2690 260 2767 maximoque
286 2687 402 2767 ingenio
426 2627 654 2747 instruiiissimus
670 2728 683 2754 ,
704 2687 756 2764 qui

71 2770 226 2849 protinus,
245 2787 366 2848 quantus
387 2765 452 2844 est,
474 2766 581 2904 sperarli
596 2782 754 2858 potuerat,

603 2867 632 2922 ll]
