2020 3618
242 327 392 410 ,Hism
414 327 571 400 Ltann
595 327 649 400 11.
714 327 778 406 161

98 462 141 510 tae
158 446 305 523 :accessit
323 445 533 540 maffl'stratibus
552 445 727 520 auctoritas,
740 445 787 510 so·

101 530 180 590 natni
205 525 498 610 majestas,1udiciis
523 531 676 612 gravitas:
702 551 783 590 com·

100 607 195 690 preffa
218 609 366 671 theattalis
386 609 490 671 seditio
518 631 528 670 ε
553 607 629 671 reete
658 607 782 674 faciendi

7 749 11 762 ,
100 691 238 751 omnibus
259 707 311 752 aut
324 687 430 752 incussa
448 691 606 763 voluntas,
623 708 672 752 aut
689 692 786 772 impo-

100 773 155 832 sita
174 773 339 832 necessitas.
363 771 551 834 Honorantur
572 769 670 842 retia,
692 791 784 854 prava

100 854 275 933 puniuntur:
288 851 400 931 suspicit
411 867 563 932 potentem·
575 851 690 912 humilis
700 894 710 924 ,
721 871 782 914 non

99 934 187 1006 timet
205 954 216 1007 ;
234 932 400 1004 antecedit,
418 951 480 992 non
504 932 666 992 contemnit
685 931 783 992 humi·

100 1013 206 1075 liorem
226 1029 345 1094 potens,
364 1009 497 1091 Quando
516 1031 630 1071 annona
650 1011 785 1072 modern·

100 1095 159 1154 tior
184 1093 196 1156 i.
220 1093 337 1176 quando
365 1113 421 1174 pax
446 1092 539 1154 letior
569 1090 581 1152 ἓ
609 1089 719 1152 Diffusa
749 1093 782 1156 in

101 1171 234 1238 Orientis
257 1169 483 1255 Occidentisque
502 1169 605 1232 tractus
620 1215 635 1248 ,
651 1173 683 1236 &
699 1172 784 1254 quid-

101 1255 172 1337 quid
191 1253 357 1317 Meridiano
377 1271 427 1314 aut
440 1247 644 1336 septentrione
662 1251 781 1330 finitur,

101 1355 160 1418 pax
180 1334 323 1418 augusta,
343 1355 517 1418 peromnes
539 1351 680 1394 terrarum
701 1335 782 1396 orbis

101 1415 222 1498 angulos
242 1438 258 1476 a
276 1416 491 1477 latrociniorum
513 1431 595 1476 metu
612 1411 705 1476 servat
727 1416 783 1476 im·

101 1517 214 1574 munes.
238 1496 367 1558 Fortuita
388 1518 449 1557 non
473 1497 582 1558 civium
608 1511 782 1557 tantummo-

102 1577 163 1649 do,
186 1575 235 1638 sed
256 1578 369 1640 urbium
388 1577 493 1638 damna
511 1577 647 1658 principis
667 1574 782 1638 munifi·

102 1658 197 1718 centia
220 1659 348 1720 vindicat
371 1679 379 1718 a
403 1657 538 1720 restituta
562 1658 648 1718 urbes
676 1657 778 1721 Asiae:

101 1739 255 1800 vindicatae
282 1740 318 1800 ab
346 1737 456 1816 injuriis
476 1735 691 1818 magistratuum
715 1757 782 1817 pro·

100 1819 206 1880 vinciae
218 1841 225 1878 ι
237 1819 333 1880 honor
350 1819 442 1958 diffinis
460 1819 654 1900 paratissimus
670 1837 782 1913 3Poe¹¹3

100 1899 132 1961 in
145 1898 236 1960 malos
253 1887 330 1973 sera,
343 1897 371 1959 se
407 1900 510 1979 aliqua.
523 1895 679 1980 Superatur
694 1919 782 1980 aequt·

98 1997 162 2042 ‚tate
183 1982 288 2062 gratia,
306 1979 423 2041 ambitio
444 1981 553 2042 virtute
571 1999 580 2064 ²,
599 1999 666 2040 nam
685 1976 782 2044 facere

101 2059 180 2122 rene
197 2063 276 2122 cives
295 2059 363 2124 suos
381 2061 513 2143 princeps
534 2060 661 2143 optimus
676 2057 783 2122 facien·

102 2142 143 2202 do
156 2141 261 2217 docet3
274 2163 421 2226 quumque
433 2143 471 2204 sit
483 2144 607 2226 imperio
619 2142 782 2218 maximus,

102 2223 241 2302 exemplo
257 2223 350 2284 ma‘or
366 2222 417 2284 est.
488 2267 491 2274 ,

112 2325 115 2332 ’
146 2300 294 2365 CXXVI
315 2346 326 2382 ,Ι
350 2301 431 2378 Raro
454 2303 615 2363 eminentes
637 2302 694 2362 viri
720 2321 781 2361 non

102 2384 214 2465 magnis
233 2381 411 2462 adjutoribus
433 2383 470 2444 ad
491 2381 704 2466 gubernandam
723 2381 782 2444 iot·

98 2481 203 2536 tunam
222 2463 299 2524 suam
319 2466 364 2544 usi
386 2461 450 2524 sunt
467 2484 476 2538 3
495 2481 528 2538 ut
547 2463 606 2523 duo
630 2461 781 2544 Scipiones

99 2545 220 2626 ‚duobus
235 2543 351 2616 Laeliis,
372 2565 445 2626 quos
484 2564 516 2604 er
533 2545 631 2604 omnia
647 2564 670 2602 ae
694 2562 783 2604 uave·

103 2643 173 2686 runt·
188 2624 266 2699 sibi3
287 2642 317 2686 ut
333 2623 430 2687 Divus
478 2622 592 2708 ugustus
613 2619 657 2683 M.
673 2564 783 2706 ignip-

1 2765 2 2774 ,
101 2706 163 2789 pt,
182 2707 214 2766 ὅ(
237 2705 363 2766 maxime
384 2705 420 2766 ab
444 2727 508 2779 eo,
528 2703 637 2765 Statilio
658 2701 780 2778 Tauro:

102 2786 209 2872 ouibus
222 2787 335 2856 novitas
346 2784 461 2853 familie
477 2786 554 2855 haud
571 2783 700 2864 obstitit,
710 2803 785 2870 φῦ.
