2014 3620
229 289 280 362 '16
362 290 397 362 C.
426 292 558 364 Vnst.
583 293 783 367 Parent.

231 409 367 487 dotibus,
383 412 545 494 ingeniique
558 434 592 474 ac
607 411 765 476 studiorum
779 411 908 479 eminetsi

229 497 353 558 tissimus
372 491 459 552 seculi
475 491 540 566 sui,
556 496 613 576 ·qui
630 496 700 556 nihil
721 499 751 556 in
770 499 831 559 vita
851 501 907 560 nisi

229 572 406 643 laudandum
427 589 476 633 aut
492 572 562 633 fecit
581 591 630 635 aut
648 576 720 636 dixit
739 598 771 638 ac
791 577 877 640 sensit
895 601 907 656 3

231 677 341 744 quem,
358 652 456 714 Paullo
470 657 620 736 genitum,
635 657 803 740 adoptatum
820 657 908 721 asci-

224 741 320 824 'pione
333 731 464 794 Africani
479 733 563 806 filios
581 735 724 812 diximus,
742 739 907 802 aedilitatem

225 829 335 904 'petens
349 814 449 877 consul
464 833 576 878 creatus
594 816 644 878 est.
660 818 775 880 Bellum
790 817 911 882 Cartha*

252 903 292 960 'ni
309 899 368 983 jam
389 913 455 958 ante
474 897 623 960 biennium
640 921 659 960 a
677 901 820 982 prioribus
839 923 909 963 con·

231 921 337 1046 ssalibus
360 976 472 1038 illatum
493 977 656 1060 majorevi
680 983 796 1057 intulit;
818 1003 908 1065 quum

232 1062 298 1126 ante
313 1065 343 1124 in
354 1056 491 1140 Hispania
505 1062 607 1121 murali
624 1062 752 1135 cononi,
766 1068 795 1122 in
808 1063 909 1124 Africa

232 1138 406 1206 obsidionali
423 1139 544 1200 donatus
560 1140 648 1218 esset3
665 1145 694 1202 in
707 1142 844 1226 Hispania
858 1166 910 1205 ve·

225 1227 267 1286 'rb
288 1228 373 1286 etiam
393 1239 430 1280 ex
448 1225 679 1301 provocatione,
697 1223 757 1304 ipse
776 1225 909 1286 modicus

231 1305 358 1380 virium,
375 1301 507 1361 immanis
522 1304 724 1384 magnitudinis
741 1305 853 1366 hostem
869 1309 911 1367 in·

226 1384 394 1448 teremisset.
413 1379 542 1464 Eamque
557 1384 682 1457 urbem,
696 1389 786 1469 tnagis
800 1387 911 1448 invidit

232 1468 367 1550 imperii,
386 1460 472 1542 quiam
487 1464 551 1524 uilis
570 1462 632 1544 ejus
648 1470 788 1546 temporis
804 1469 909 1540 noxis,

232 1548 355 1612 invisam
372 1547 509 1608 Romano
528 1548 660 1621 nomini,
677 1545 805 1608 funditus
821 1547 913 1610 sustu·

227 1629 290 1704 ¹lit3
311 1627 436 1710 fecitque
457 1623 512 1686 suae
532 1629 645 1688 virtutis
662 1643 912 1706 monumentum,

276 1711 316 1772 od
334 1708 426 1770 fuerat
439 1707 487 1768 avi
501 1704 562 1787 ejus
576 1706 746 1769 clementiae.
763 1707 912 1791 Carthago

226 1801 232 1810 '
257 1791 330 1852 ir'uta
348 1788 413 1865 est,
436 1808 525 1871 quum
543 1785 660 1850 stetisset
674 1789 754 1848 annis
771 1787 914 1851 sexcentis

225 1871 378 1956 'sexaginta
399 1871 532 1954 septem,
555 1869 659 1931 abhinc
679 1891 770 1931 anuos
789 1887 914 1932 ‘centum

235 1951 263 2012 se
286 1955 411 2034 tuaginta
436 1952 571 2033 septem,
593 1949 649 2012 Cn.
671 1949 813 2011 Cornelio
835 1951 914 2012 Len·

224 1975 324 2108 tuin,
348 2033 382 2094 L.
408 2032 553 2093 Mummio
576 2030 746 2092 consulibus.
772 2031 857 2092 Hunc
878 2029 915 2092 fi·

227 2125 305 2174 'nem
335 2112 433 2173 habuit
464 2111 588 2173 Romani
619 2113 734 2193 imperii
764 2109 913 2253 Carthago
996 2179 997 2184 η

226 2194 363 2268 ·aemula;
384 2215 450 2259 cum
471 2213 526 2274 qua
548 2193 655 2252 bellare
678 2190 802 2271 majores
824 2215 863 2254 no
891 2195 915 2253 ri

227 2285 354 2356 'coepere
380 2272 531 2348 Claudio,
560 2276 592 2334 δι
618 2271 722 2334 Fulvio
750 2269 818 2333 coss.
847 2291 915 2335 ante

236 2374 327 2414 annos
347 2355 487 2418 ducentos
504 2357 657 2437 nonaginta
675 2353 742 2426 sex,
761 2353 847 2435 quiam
861 2371 914 2432 tu,

225 2435 282 2495 ’Μ.
299 2435 413 2508 Vinici,
432 2437 610 2497 consulatum
622 2437 717 2495 inires.
736 2433 779 2494 lta
795 2455 847 2516 per
862 2457 917 2495 an-

235 2537 290 2576 nos
309 2535 424 2577 centum
441 2519 628 2600 quindecim,
650 2533 697 2576 aut
714 2515 823 2576 bellum
837 2517 916 2576 intet

228 2611 290 2656 'eos
316 2599 466 2678 populos,
490 2615 538 2658 aut
559 2599 627 2658 belli
670 2599 841 2678 taeparatio‚
863 2616 916 2660 aut

235 2674 326 2736 infida
341 2700 396 2760 pax
410 2680 484 2740 suit:
501 2699 596 2761 neque
615 2677 643 2738 se
679 2699 747 2738 oma
759 2722 769 2750 ,
781 2673 839 2756 jam
856 2693 918 2737 ter·

229 2777 334 2820 *aarum
358 2759 430 2823 orbe
454 2759 610 2844 superato,
635 2757 761 2823 securam
788 2756 920 2841 speravit
