2020 3618
242 317 384 388 Hrsr.
411 318 570 387 Lruen
595 318 649 386 It
711 341 774 412 103

1 436 2 439 ¹
96 433 252 519 cassiique
262 435 418 498 autlorltati
429 480 439 508 ,
451 457 541 518 quum
551 433 641 496 esseut
650 438 699 518 qui
710 457 778 496 eum

97 520 208 580 ducem
226 515 398 600 poscerent,
419 515 523 578 servari
544 513 689 578 beneficio
710 514 788 578 Cae«

96 598 167 661 saris
188 599 316 671 maluit,
339 597 425 682 qutun
446 597 562 658 dubiam
582 596 599 656 s
614 618 661 658 em
680 617 780 657 armo-

96 701 165 740 rum
177 697 287 740 tentare
297 678 428 761 amplius.
441 677 504 738 Nee
517 695 563 739 aut
627 676 680 738 sari
693 679 778 760 quid·

140 781 185 821 am
205 781 245 821 et
259 759 386 822 vitioriis
405 758 460 819 suis
479 758 535 820 fuit
553 758 668 832 laetius,
690 759 777 841 quim

96 783 219 902 liivaffe
234 837 421 916 Corvinum3
437 856 485 901 aut
501 837 594 920 majus
610 841 778 920 exemplum
803 895 806 899 ,

96 922 225 983 hominis
245 922 316 1004 grati
334 942 368 981 ac
390 922 450 1001 pii,
492 918 559 980 uim
580 917 727 980 Corvinus
746 921 777 980 in
817 955 820 960 v

97 1000 244 1062 Caessrem
258 1000 323 1062 fuit.
339 1000 410 1063 Non
421 941 497 1062 aliu‘i
507 999 617 1062 bellurn
633 1001 777 1060 cruentius

96 1083 179 1143 eaede
201 1081 423 1142 clarissimorum
450 1083 581 1142 virorum
604 1079 667 1140 fuit.
697 1079 777 1140 Tum

96 1159 221 1224 Catonis
242 1160 316 1222 lilius
338 1162 444 1222 cecidit
466 1183 476 1221 .·
500 1161 603 1221 eadem
625 1159 778 1220 Lucullum

96 1242 347 1324 Hortensiumque
368 1285 378 1316 ‚
420 1243 714 1304 eminentissimorum
735 1239 778 1300 ci}

96 1323 188 1382 vium·
200 1321 296 1396 filios,
316 1321 431 1382 fortuna
448 1320 570 1386 abstulit.
589 1321 668 1384 Nam
681 1320 776 1383 Varro

97 1404 136 1464 ad
162 1402 315 1465 ludibrium
338 1405 492 1464 moriturus
521 1403 665 1476 Antonii,
691 1403 779 1485 digne

95 1484 150 1544 illo
169 1505 202 1544 ac
219 1503 289 1547 vera
306 1483 343 1542 de
363 1487 441 1544 exitu
459 1481 521 1558 eius
538 1505 584 1544 ma
605 1505 725 1544 uacum
743 1484 777 1544 li·

96 1564 209 1626 bertate
232 1565 374 1625 ominatur
392 1562 442 1624 est.
462 1563 576 1624 Drusus
619 1565 711 1632 ivius,
729 1563 787 1624 Ju-.

96 1645 143 1706 liae
157 1643 293 1726 Augustae
308 1661 407 1726 pater,
424 1646 456 1707 &
471 1643 565 1706 Varus
582 1641 775 1724 Quintillius,

96 1747 136 1787 ne
160 1726 267 1786 tentati
294 1726 414 1807 quidem
440 1723 530 1785 hostis
558 1723 776 1800 misericordia,

97 1807 170 1867 alter
196 1804 225 1866 se
254 1803 313 1886 ipse
338 1807 368 1864 in
394 1803 579 1864 tabernaculo
606 1801 777 1878 intereunti

96 1887 191 1949 Varus
210 1903 305 1945 autem
321 1885 435 1958 liberti,
449 1905 537 1968 quem
554 1885 584 1944 id
600 1883 694 1944 facere
707 1887 777 1944 coi·

97 1985 194 2052 gerat,
205 1987 307 2039 manu,
320 1987 408 2048 quum
420 1963 448 2025 se
463 1965 620 2050 insignibus
632 1965 778 2032 honorum

98 2047 235 2120 velallet‚
254 2045 395 2130 jugulatus
411 2044 462 2107 est.

139 2127 274 2189 LXXII.
297 2127 383 2188 Hunc
406 2129 513 2188 exitum
534 2127 580 2188 M.
605 2127 685 2190 Bruti
709 2149 776 2208 par·
859 2131 871 2170 =·,

97 2211 169 2272 tium
181 2209 333 2291 septimum
345 2209 563 2290 &trigesimum
574 2229 679 2268 aunum
690 2229 785 2289 agen·-

96 2291 136 2352 tis
161 2288 274 2349 fortuna
298 2287 353 2348 elle
373 2289 469 2348 voluit
485 2309 495 2360 ;
514 2306 652 2370 corrupto
679 2291 776 2347 animo

96 2367 161 2449 ejus
188 2371 217 2428 in
242 2369 345 2441 diem,
370 2389 433 2457 quae
459 2367 501 2426 illi
525 2387 627 2427 omnes
655 2369 787 2428 virtutes*

96 2453 181 2512 unius
198 2452 358 2510 temeritate
376 2447 441 2508 tutti
457 2445 581 2511 abstulit.
600 2447 665 2508 Fuit
679 2466 776 2508 autern

50 2549 53 2554 ’
95 2527 169 2592 Dux
189 2527 307 2589 Cassius
325 2529 450 2602 melior,
470 2547 576 2611 quanto
593 2530 639 2589 vir
651 2528 777 2603 Brutus3

96 2633 114 2672 e
131 2610 237 2694 quibus
254 2609 373 2670 Brutum
389 2611 514 2670 amicum
533 2609 639 2670 habere
657 2609 776 2683 malles,

94 2693 248 2754 inimicum
263 2691 352 2772 magis
363 2692 481 2750 timeres
496 2686 628 2750 Cassium
642 2712 649 2750 ε
662 2693 691 2750 in
704 2690 777 2750 alte-

93 2797 129 2837 ro
146 2768 242 2852 major
258 2775 303 2832 ris
316 2816 330 2845 „
342 2773 372 2832 iu
384 2772 476 2832 altero
493 2769 674 2910 virtusizQui
692 2773 715 2830 si
733 2772 779 2830 vi·

622 2873 653 2909 ιν
