2020 3618
123 293 125 300 '
203 259 205 264 ⁸
239 278 287 353 82
368 279 403 347 C.
432 280 565 354 Vara.
591 275 789 346 PAranc.

238 396 327 461 malle
342 396 460 480 integris
477 396 564 456 rebus
581 394 842 458 &conditionibus
856 393 925 458 lini-

238 477 429 547 rebellum,
454 475 540 558 quim
564 479 730 558 opprimere
751 475 899 616 inpremes
910 521 923 550 ‚

239 579 331 640 quum
351 557 535 638 transgressos
552 555 700 638 reperill'et
718 558 872 632 conules,
891 561 923 619 in

238 639 353 700 Urbem
374 640 513 712 revertit3
529 637 699 720 redditique
719 639 829 698 ratione
847 659 923 700 con·

239 719 372 780 siliorum
393 716 509 778 suorum
527 720 557 778 in
576 716 674 778 senatu
693 719 727 780 &
750 719 780 778 in
802 721 924 780 concio-

239 819 305 874 ne,
331 821 364 860 ac
382 797 549 860 miserrima
572 798 812 874 necessitudinis,
830 821 921 882 quum

238 879 341 941 alienis
363 881 455 941 armis¹
475 881 513 940 ad
540 901 618 940 arma
642 901 709 942 conr
730 877 804 939 ulsus
831 879 919 952 ellet,

238 959 393 1044 Hispanias
415 978 514 1043 petere
533 961 675 1022 decrevit.
719 958 921 1022 estinationem

237 1043 347 1104 itineris
372 1041 434 1124 ejus
456 1041 633 1125 aliquamdiu
652 1059 763 1102 morata
789 1039 922 1104 Massilia

237 1121 305 1195 est,
324 1121 383 1185 fide
402 1123 526 1195 melior,
544 1121 632 1206 quim
652 1122 774 1183 consilio
793 1123 922 1203 pruden-

236 1206 297 1268 tior
314 1223 323 1278 ;
339 1202 541 1286 intempestive
558 1203 756 1286 principalium
773 1223 921 1265 armorum

237 1285 357 1346 arbitria
374 1301 514 1366 captans,
534 1283 636 1366 quibus
658 1285 679 1344 ii
699 1282 728 1344 se
748 1283 858 1344 debent
877 1287 922 1345 in·

238 1381 272 1426 te
309 1385 397 1425 onere
417 1407 427 1438 ‚
449 1385 499 1447 qur
522 1385 583 1425 non
608 1383 759 1446 parentem
783 1369 922 1428 coercere
1000 1425 1001 1442 1

239 1465 283 1530 po
307 1463 365 1506 unt.
384 1444 533 1506 Exercitus
550 1445 678 1518 deinde,
696 1445 746 1528 qui
758 1442 814 1506 ·sub
833 1444 923 1507 Afra·

241 1529 295 1587 nio
314 1524 454 1588 consulari
475 1547 507 1587 ae
524 1525 638 1588 Petreio
656 1529 792 1610 praetorio
811 1525 923 1601 fuerat,

240 1607 333 1690 ipsius
353 1607 492 1668 adventis
514 1609 617 1690 vigore
637 1629 670 1667 ac
696 1605 810 1689 fulgore
833 1628 922 1669 occu·

238 1703 350 1770 patus,
373 1686 402 1748 se
423 1686 528 1749 Caesati
546 1688 671 1768 tradidit.
690 1687 924 1770 Uterquelega·

237 1785 340 1829 totum
354 1813 363 1844 ,
379 1770 410 1831 ὃ(
425 1767 549 1852 quisquis
562 1767 646 1848 cujus
662 1789 698 1829 ue
714 1768 824 1829 ordinis
841 1767 920 1852 sequi

237 1869 295 1911 eos
313 1849 465 1920 voluerat,
482 1851 591 1910 remissi
608 1851 644 1909 ad
682 1869 731 1915 orn
755 1851 841 1912 eium.

281 1929 335 1991 Ll.
349 1929 486 1991 Proximo
506 1951 599 2002 anno,
618 1951 707 2012 quum
723 1871 922 2010 dyrrachium

235 2029 275 2072 ac
296 2011 393 2070 vicina
415 2013 440 2070 ei
460 2009 524 2071 urbi
542 2012 647 2093 regio,
669 2008 765 2071 castris
786 2009 922 2093 Pompeii

238 2105 388 2152 teneretur
406 2088 477 2172 [qui
501 2093 598 2150 accitis
619 2111 656 2150 ex
679 2090 814 2152 omnibus
835 2090 924 2152 trans·

234 2171 357 2234 marinis
372 2173 530 2252 provinciis
539 2171 722 2254 legionibus,
740 2173 873 2256 equitum
888 2194 922 2232 ac

234 2251 372 2334 peditum
391 2251 521 2325 auxiliis,
543 2271 701 2335 regumque
718 2253 749 2314 δι
764 2253 924 2313 tetrarcha·

239 2333 463 2416 ‘sumsimulque
480 2332 666 2414 dynastarum
684 2333 802 2415 copiis,
817 2334 923 2394 imma-

234 2415 484 2486 nemexer‘citum
500 2413 687 2486 confecerat,
702 2415 733 2475 ὃ(
749 2433 829 2474 mare
848 2435 922 2496 prae·

236 2493 317 2553 sidiir
332 2493 484 2567 classium,
500 2511 532 2555 ut
547 2494 678 2566 rebatur,
690 2491 841 2575 lepserat,
860 2497 923 2576 qub

233 2575 333 2633 :minus
346 2572 441 2635 Caesar
456 2575 584 2657 legiones
601 2572 694 2658 pollet
705 2573 921 2658 transmittere]

233 2651 288 2712 sud
300 2654 332 2715 &
348 2656 494 2718 celeritate
508 2658 539 2717 &
551 2654 667 2716 fortuni
678 2652 714 2716 C.
728 2651 826 2715 Caesar
836 2654 921 2731 usus,

230 2733 309 2800 ‘nihil
324 2738 353 2798 in
370 2757 453 2800 mora
470 2735 590 2810 habuit,
608 2737 763 2820 quominus
781 2735 922 2820 &quum
