2020 3618
255 327 392 396 Hrst.
417 327 572 397 Lunna
597 327 652 398 ΙΙ.
736 325 793 422 89ι

105 448 145 510 ed
157 445 206 507 die'
222 445 302 506 dorni
313 443 479 507 consisteret
490 492 499 522 ,
511 447 632 519 orabat;
647 445 680 508 &
693 445 785 507 libelli

106 526 333 608 conjurationem
353 530 512 588 nuntiantes
528 527 605 600 dati,
623 526 658 586 ab
677 547 714 587 eo
734 548 785 586 ne-

106 629 167 690 que
183 609 312 689 protinus
329 606 392 668 lesli
412 625 498 668 erant.
517 605 575 668 Sed
594 607 725 690 proseslb
743 609 795 666 in·-

108 687 397 749 eluslabilissatorum
407 689 469 761 vis,
478 688 680 770 cujuscumque
693 687 785 750 sortu-

106 789 176 830 nam
188 784 296 830 mutate
308 767 472 840 constituit,
487 771 605 830 consilia
616 771 784 850 corrumpit.

149 847 264 910 LVIII.
281 847 354 928 Quo
372 870 447 908 anno
465 850 495 908 id
510 866 658 932 patravere
675 849 798 909 facinus·

107 927 155 989 M.
166 929 270 989 Brutus
283 927 363 990 &C
376 927 512 1000 Cassius,
529 947 667 1010 praetores
687 948 765 989 erant
776 951 796 1004 ;-
810 942 815 949 '

107 1008 152 1070 D.
167 1007 269 1068 Brutus
288 1008 385 1070 consul
401 1009 576 1091 desIgnatus,
593 1009 633 1068 Hi
651 1009 706 1068 unit
719 1031 786 1068 cum

108 1086 314 1167 conjurationis
340 1089 459 1171 globo,
482 1087 572 1171 stipati
596 1089 786 1171 gladiatorum

108 1168 151 1231 D.
167 1168 248 1230 Bruti
266 1190 372 1243 rnanu,
390 1167 570 1250 Capitolium
588 1189 787 1252 occupavere,

109 1271 202 1333 quum
223 1247 322 1308 consul
343 1249 488 1310 Antonius
507 1248 519 1330 [
550 1269 616 1310 uem
639 1270 727 1331 quum
749 1252 788 1324 si·

109 1329 172 1392 mul
188 1329 408 1390 interimendum
423 1271 571 1391 censuisset
581 1329 716 1401 Cassius,
731 1329 788 1391 tes·

109 1426 328 1491 ramentumque
342 1407 458 1472 Caesaris
476 1411 670 1483 abolendum,
683 1411 787 1473 Brutus

110 1511 145 1551 re
168 1509 342 1573 ugnavetat3
356 1491 503 1565 dislitans,
519 1492 588 1552 nihil
605 1491 726 1573 amplibs
746 1495 788 1553 ci·

110 1513 198 1634 vibus
219 1587 323 1653 prater
342 1575 476 1653 tyranni,
493 1575 532 1632 ita
552 1574 629 1633 enim
649 1572 787 1654 appellari

111 1649 258 1713 Caesarem
266 1651 340 1712 saslo
351 1651 412 1729 ejus
422 1653 614 1734 expediebat,
629 1653 787 1733 petendum

111 1731 169 1794 elle
186 1732 371 1815 sanguinem]
390 1751 554 1795 convocato
569 1732 685 1805 senatu,
699 1753 789 1816 quum

109 1811 172 1895 janr
197 1811 378 1886 Dolabella,
401 1835 488 1894 quern
514 1812 710 1873 substituturus
735 1813 796 1872 sibi·

111 1890 211 1955 Caesar
231 1892 430 1974 designaverat
452 1891 617 1964 consulem,
636 1890 724 1954 sasces
745 1909 797 1952 at*

112 1995 171 2055 que
189 1975 242 2032 insi
265 1976 309 2032 nia
324 1971 500 2055 corripuisset
515 1971 690 2046 consularia,
707 1973 789 2034 velut

111 2056 192 2137 pacis
208 1994 323 2122 audor,
341 2054 447 2114 liberos
463 2053 529 2114 suos
547 2054 664 2114 obsides
683 2055 712 2114 in
730 2051 789 2114 Ca·

112 2135 246 2230 prtolium
257 2136 352 2229 misit,
362 2131 508 2218 fidemque
521 2135 712 2222 descendendi
724 2137 788 2196 tutb

112 2215 340 2276 1ntetfestonbus
354 2213 473 2275 Caesaris
490 2216 589 2289 dedit,
605 2217 637 2276 &
653 2215 724 2274 illud
738 2215 789 2276 de·

8 2321 21 2328 “
113 2294 415 2356 cretiAtheniensiurn
426 2295 604 2355 celeberrimi
614 2294 792 2376 exemplum,

113 2376 237 2436 relatum
253 2397 269 2435 a
287 2375 452 2449 Cicerone,
466 2375 622 2435 oblivionis
637 2376 792 2456 praeterita·

112 2479 179 2518 rum
201 2477 322 2596 rfimm’
342 2457 461 2518 decreto
480 2455 596 2516 Patrum
615 2455 790 2536 comproba-

112 2555 210 2599 tume
239 2581 246 2597 .

156 2617 239 2678 LIX.
254 2614 370 2679 Caesaris
382 2617 485 2678 deinde
495 2613 694 2678 testamentum
706 2635 789 2697 aper-

112 2716 179 2760 tum
195 2696 259 2770 est,
279 2721 336 2780 quo
352 2697 389 2760 C.
404 2695 577 2772 Oblavium,
593 2714 732 2780 nepotem
747 2693 792 2755 so·

100 2780 190 2874 'roris
207 2777 262 2842 suae
277 2779 375 2855 Juliae,
390 2779 546 2863 adoptabat
561 2802 569 2844 z
586 2779 623 2842 de
639 2775 719 2860 cujus
732 2777 791 2838 ori·
