<?xml version="1.0" encoding="UTF-8"?>
<!DOCTYPE html PUBLIC "-//W3C//DTD XHTML 1.0 Transitional//EN"
    "http://www.w3.org/TR/xhtml1/DTD/xhtml1-transitional.dtd">
<html xmlns="http://www.w3.org/1999/xhtml" xml:lang="en" lang="en">
 <head>
  <title>
</title>
<meta http-equiv="Content-Type" content="text/html;charset=utf-8" />
  <meta name='ocr-system' content='tesseract 3.04.00' />
  <meta name='ocr-capabilities' content='ocr_page ocr_carea ocr_par ocr_line ocrx_word'/>
</head>
<body>
  <div class='ocr_page' id='page_1' title='image "./caiivelleiipate00pategoog_0112.png"; bbox 0 0 2020 3618; ppageno 0'>
   <div class='ocr_carea' id='block_1_1' title="bbox 235 315 932 521">
    <p class='ocr_par' dir='ltr' id='par_1_1' title="bbox 235 315 932 521">
     <span class='ocr_line' id='line_1_1' title="bbox 236 315 803 418; baseline -0.014 -27"><span class='ocrx_word' id='word_1_1' title='bbox 236 317 295 418; x_wconf 72' lang='lat'>‘9⁸</span> <span class='ocrx_word' id='word_1_2' title='bbox 378 318 413 387; x_wconf 85' lang='lat' dir='ltr'>C.</span> <span class='ocrx_word' id='word_1_3' title='bbox 442 315 803 386; x_wconf 52' lang='lat' dir='ltr'>Verulamio.</span> 
     </span>
     <span class='ocr_line' id='line_1_2' title="bbox 235 431 932 521; baseline -0.029 -19"><span class='ocrx_word' id='word_1_4' title='bbox 235 458 280 506; x_wconf 67' lang='lat' dir='ltr'>,re</span> <span class='ocrx_word' id='word_1_5' title='bbox 298 437 426 521; x_wconf 80' lang='lat' dir='ltr'>principe</span> <span class='ocrx_word' id='word_1_6' title='bbox 437 433 548 516; x_wconf 65' lang='lat' dir='ltr'>,quim</span> <span class='ocrx_word' id='word_1_7' title='bbox 566 431 616 493; x_wconf 91' lang='lat' dir='ltr'>sub</span> <span class='ocrx_word' id='word_1_8' title='bbox 635 449 664 492; x_wconf 80' lang='lat' dir='ltr'>re</span> <span class='ocrx_word' id='word_1_9' title='bbox 677 434 831 492; x_wconf 81' lang='lat' dir='ltr'>triumviro</span> <span class='ocrx_word' id='word_1_10' title='bbox 851 435 932 494; x_wconf 69' lang='lat' dir='ltr'>mo&#39;r.</span> 
     </span>
    </p>
   </div>
   <div class='ocr_carea' id='block_1_2' title="bbox 121 509 932 596">
    <p class='ocr_par' dir='ltr' id='par_1_2' title="bbox 121 509 932 596">
     <span class='ocr_line' id='line_1_3' title="bbox 121 509 932 596; baseline -0.011 -13"><span class='ocrx_word' id='word_1_11' title='bbox 121 571 130 576; x_wconf 95' lang='lat'>-</span> <span class='ocrx_word' id='word_1_12' title='bbox 237 540 309 584; x_wconf 78' lang='lat' dir='ltr'>-rem</span> <span class='ocrx_word' id='word_1_13' title='bbox 329 541 336 579; x_wconf 75' lang='grc' dir='ltr'><strong>ε</strong></span> <span class='ocrx_word' id='word_1_14' title='bbox 357 518 463 578; x_wconf 76' lang='lat' dir='ltr'>famam</span> <span class='ocrx_word' id='word_1_15' title='bbox 487 514 561 576; x_wconf 76' lang='lat' dir='ltr'>veri&gt;</span> <span class='ocrx_word' id='word_1_16' title='bbox 583 514 761 596; x_wconf 83' lang='lat' dir='ltr'>gloriamque</span> <span class='ocrx_word' id='word_1_17' title='bbox 788 509 932 574; x_wconf 65' lang='lat' dir='ltr'>saelorum</span> 
     </span>
    </p>
   </div>
   <div class='ocr_carea' id='block_1_3' title="bbox 236 591 933 681">
    <p class='ocr_par' dir='ltr' id='par_1_3' title="bbox 236 591 933 681">
     <span class='ocr_line' id='line_1_4' title="bbox 236 591 933 681; baseline 0 -25"><span class='ocrx_word' id='word_1_18' title='bbox 236 619 335 681; x_wconf 57' lang='lat' dir='ltr'>ratque</span> <span class='ocrx_word' id='word_1_19' title='bbox 359 596 502 658; x_wconf 50' lang='lat' dir='ltr'>¹dielorunr</span> <span class='ocrx_word' id='word_1_20' title='bbox 529 593 603 654; x_wconf 82' lang='lat' dir='ltr'>adeo</span> <span class='ocrx_word' id='word_1_21' title='bbox 629 615 690 654; x_wconf 89' lang='lat' dir='ltr'>non</span> <span class='ocrx_word' id='word_1_22' title='bbox 712 591 877 670; x_wconf 86' lang='lat' dir='ltr'>abstulisti,</span> <span class='ocrx_word' id='word_1_23' title='bbox 900 611 933 656; x_wconf 89' lang='lat' dir='ltr'>ut</span> 
     </span>
    </p>
   </div>
   <div class='ocr_carea' id='block_1_4' title="bbox 140 672 933 758">
    <p class='ocr_par' dir='ltr' id='par_1_4' title="bbox 140 672 933 758">
     <span class='ocr_line' id='line_1_5' title="bbox 140 672 933 758; baseline -0.013 -13"><span class='ocrx_word' id='word_1_24' title='bbox 140 703 142 710; x_wconf 75' lang='grc'>’</span> <span class='ocrx_word' id='word_1_25' title='bbox 239 682 373 742; x_wconf 76' lang='lat' dir='ltr'>¹eunetis.</span> <span class='ocrx_word' id='word_1_26' title='bbox 392 677 476 738; x_wconf 85' lang='lat' dir='ltr'>Vivit</span> <span class='ocrx_word' id='word_1_27' title='bbox 493 674 634 758; x_wconf 84' lang='lat' dir='ltr'>vivetque</span> <span class='ocrx_word' id='word_1_28' title='bbox 676 693 706 734; x_wconf 91' lang='lat' dir='ltr'>er</span> <span class='ocrx_word' id='word_1_29' title='bbox 731 676 864 736; x_wconf 87' lang='lat' dir='ltr'>omnium</span> <span class='ocrx_word' id='word_1_30' title='bbox 886 672 933 736; x_wconf 86' lang='lat' dir='ltr'>se·</span> 
     </span>
    </p>
   </div>
   <div class='ocr_carea' id='block_1_5' title="bbox 192 754 936 2291">
    <p class='ocr_par' dir='ltr' id='par_1_5' title="bbox 233 754 933 1628">
     <span class='ocr_line' id='line_1_6' title="bbox 235 754 932 836; baseline -0.01 -14"><span class='ocrx_word' id='word_1_31' title='bbox 235 761 396 823; x_wconf 52' lang='lat' dir='ltr'>mulorum,</span> <span class='ocrx_word' id='word_1_32' title='bbox 412 757 583 818; x_wconf 80' lang='lat' dir='ltr'>memoriam</span> <span class='ocrx_word' id='word_1_33' title='bbox 607 775 617 828; x_wconf 91' lang='lat'>;</span> <span class='ocrx_word' id='word_1_34' title='bbox 662 775 769 836; x_wconf 87' lang='lat' dir='ltr'>umque</span> <span class='ocrx_word' id='word_1_35' title='bbox 792 754 851 816; x_wconf 89' lang='lat' dir='ltr'>hoc</span> <span class='ocrx_word' id='word_1_36' title='bbox 881 755 932 817; x_wconf 82' lang='lat' dir='ltr'>vel</span> 
     </span>
     <span class='ocr_line' id='line_1_7' title="bbox 252 835 931 922; baseline -0.009 -20"><span class='ocrx_word' id='word_1_37' title='bbox 252 841 328 902; x_wconf 71' lang='lat' dir='ltr'>forte</span> <span class='ocrx_word' id='word_1_38' title='bbox 346 840 396 902; x_wconf 87' lang='lat' dir='ltr'>vel</span> <span class='ocrx_word' id='word_1_39' title='bbox 412 835 597 922; x_wconf 73' lang='lat' dir='ltr'>providentii</span> <span class='ocrx_word' id='word_1_40' title='bbox 610 835 661 895; x_wconf 73' lang='lat' dir='ltr'>vel</span> <span class='ocrx_word' id='word_1_41' title='bbox 676 852 835 916; x_wconf 85' lang='lat' dir='ltr'>utcumque</span> <span class='ocrx_word' id='word_1_42' title='bbox 859 857 931 896; x_wconf 85' lang='lat' dir='ltr'>con·</span> 
     </span>
     <span class='ocr_line' id='line_1_8' title="bbox 233 916 930 998; baseline -0.011 -13"><span class='ocrx_word' id='word_1_43' title='bbox 233 922 376 986; x_wconf 70' lang='lat' dir='ltr'>-nitutum</span> <span class='ocrx_word' id='word_1_44' title='bbox 394 939 491 980; x_wconf 90' lang='lat' dir='ltr'>rerum</span> <span class='ocrx_word' id='word_1_45' title='bbox 507 934 614 978; x_wconf 77' lang='lat' dir='ltr'>narurae</span> <span class='ocrx_word' id='word_1_46' title='bbox 633 935 759 998; x_wconf 86' lang='lat' dir='ltr'>corpus,</span> <span class='ocrx_word' id='word_1_47' title='bbox 776 916 860 998; x_wconf 90' lang='lat' dir='ltr'>quod</span> <span class='ocrx_word' id='word_1_48' title='bbox 882 917 930 978; x_wconf 90' lang='lat' dir='ltr'>ille</span> 
     </span>
     <span class='ocr_line' id='line_1_9' title="bbox 251 997 931 1088; baseline -0.012 -24"><span class='ocrx_word' id='word_1_49' title='bbox 251 1023 327 1088; x_wconf 86' lang='lat' dir='ltr'>pene</span> <span class='ocrx_word' id='word_1_50' title='bbox 344 1001 420 1063; x_wconf 88' lang='lat' dir='ltr'>solus</span> <span class='ocrx_word' id='word_1_51' title='bbox 436 999 635 1060; x_wconf 81' lang='lat' dir='ltr'>Romanorum</span> <span class='ocrx_word' id='word_1_52' title='bbox 656 999 752 1056; x_wconf 83' lang='lat' dir='ltr'>animo</span> <span class='ocrx_word' id='word_1_53' title='bbox 772 997 870 1069; x_wconf 90' lang='lat' dir='ltr'>vidit,</span> <span class='ocrx_word' id='word_1_54' title='bbox 888 999 931 1056; x_wconf 91' lang='lat' dir='ltr'>irr-</span> 
     </span>
     <span class='ocr_line' id='line_1_10' title="bbox 251 1077 932 1170; baseline -0.012 -24"><span class='ocrx_word' id='word_1_55' title='bbox 251 1087 338 1170; x_wconf 82' lang='lat' dir='ltr'>genio</span> <span class='ocrx_word' id='word_1_56' title='bbox 359 1082 530 1163; x_wconf 82' lang='lat' dir='ltr'>complexus</span> <span class='ocrx_word' id='word_1_57' title='bbox 550 1077 614 1152; x_wconf 89' lang='lat' dir='ltr'>est,</span> <span class='ocrx_word' id='word_1_58' title='bbox 634 1077 802 1159; x_wconf 54' lang='lat' dir='ltr'>eloquentia</span> <span class='ocrx_word' id='word_1_59' title='bbox 822 1077 932 1138; x_wconf 87' lang='lat' dir='ltr'>illumi·</span> 
     </span>
     <span class='ocr_line' id='line_1_11' title="bbox 251 1159 932 1237; baseline -0.006 -11"><span class='ocrx_word' id='word_1_60' title='bbox 251 1167 332 1226; x_wconf 81' lang='lat' dir='ltr'>navit</span> <span class='ocrx_word' id='word_1_61' title='bbox 349 1204 360 1237; x_wconf 91' lang='lat'><strong>‚</strong></span> <span class='ocrx_word' id='word_1_62' title='bbox 378 1161 506 1224; x_wconf 82' lang='lat' dir='ltr'>manebit</span> <span class='ocrx_word' id='word_1_63' title='bbox 526 1159 694 1230; x_wconf 80' lang='lat' dir='ltr'>incolume,</span> <span class='ocrx_word' id='word_1_64' title='bbox 713 1160 854 1218; x_wconf 85' lang='lat' dir='ltr'>comitem</span> <span class='ocrx_word' id='word_1_65' title='bbox 876 1161 932 1222; x_wconf 72' lang='lat' dir='ltr'>evi</span> 
     </span>
     <span class='ocr_line' id='line_1_12' title="bbox 252 1237 931 1321; baseline -0.009 -15"><span class='ocrx_word' id='word_1_66' title='bbox 252 1247 294 1308; x_wconf 91' lang='lat' dir='ltr'>sui</span> <span class='ocrx_word' id='word_1_67' title='bbox 317 1244 434 1304; x_wconf 82' lang='lat' dir='ltr'>laudem</span> <span class='ocrx_word' id='word_1_68' title='bbox 460 1240 611 1303; x_wconf 81' lang='lat' dir='ltr'>Ciceronis</span> <span class='ocrx_word' id='word_1_69' title='bbox 634 1239 755 1312; x_wconf 78' lang='lat' dir='ltr'>trahet3</span> <span class='ocrx_word' id='word_1_70' title='bbox 778 1237 931 1321; x_wconf 82' lang='lat' dir='ltr'>omnisque</span> 
     </span>
     <span class='ocr_line' id='line_1_13' title="bbox 252 1317 931 1409; baseline -0.01 -23"><span class='ocrx_word' id='word_1_71' title='bbox 252 1325 404 1409; x_wconf 77' lang='lat' dir='ltr'>posteritas</span> <span class='ocrx_word' id='word_1_72' title='bbox 427 1322 503 1382; x_wconf 82' lang='lat' dir='ltr'>illius</span> <span class='ocrx_word' id='word_1_73' title='bbox 528 1323 557 1380; x_wconf 88' lang='lat' dir='ltr'>in</span> <span class='ocrx_word' id='word_1_74' title='bbox 578 1338 608 1382; x_wconf 88' lang='lat' dir='ltr'>te</span> <span class='ocrx_word' id='word_1_75' title='bbox 630 1317 733 1401; x_wconf 84' lang='lat' dir='ltr'>scripta</span> <span class='ocrx_word' id='word_1_76' title='bbox 754 1320 931 1393; x_wconf 81' lang='lat' dir='ltr'>mirabitur,</span> 
     </span>
     <span class='ocr_line' id='line_1_14' title="bbox 252 1398 933 1475; baseline -0.01 -8"><span class='ocrx_word' id='word_1_77' title='bbox 252 1424 333 1467; x_wconf 90' lang='lat' dir='ltr'>tuum</span> <span class='ocrx_word' id='word_1_78' title='bbox 350 1406 381 1463; x_wconf 91' lang='lat' dir='ltr'>in</span> <span class='ocrx_word' id='word_1_79' title='bbox 402 1423 469 1465; x_wconf 85' lang='lat' dir='ltr'>eum</span> <span class='ocrx_word' id='word_1_80' title='bbox 485 1401 589 1460; x_wconf 66' lang='lat' dir='ltr'>fallam</span> <span class='ocrx_word' id='word_1_81' title='bbox 610 1398 821 1475; x_wconf 83' lang='lat' dir='ltr'>exsecrabitur3</span> <span class='ocrx_word' id='word_1_82' title='bbox 838 1399 933 1460; x_wconf 82' lang='lat' dir='ltr'>cirir&#39;rs·</span> 
     </span>
     <span class='ocr_line' id='line_1_15' title="bbox 242 1481 932 1626; baseline -0.006 -80"><span class='ocrx_word' id='word_1_83' title='bbox 242 1505 311 1626; x_wconf 57' lang='lat' dir='ltr'>nug</span> <span class='ocrx_word' id='word_1_84' title='bbox 328 1487 358 1544; x_wconf 90' lang='lat' dir='ltr'>in</span> <span class='ocrx_word' id='word_1_85' title='bbox 374 1483 485 1545; x_wconf 91' lang='lat' dir='ltr'>mundo</span> <span class='ocrx_word' id='word_1_86' title='bbox 498 1503 588 1566; x_wconf 82' lang='lat' dir='ltr'>genus</span> <span class='ocrx_word' id='word_1_87' title='bbox 605 1481 776 1556; x_wconf 87' lang='lat' dir='ltr'>hominum,</span> <span class='ocrx_word' id='word_1_88' title='bbox 792 1481 882 1563; x_wconf 73' lang='lat' dir='ltr'>quim</span> <span class='ocrx_word' id='word_1_89' title='bbox 900 1501 932 1542; x_wconf 80' lang='lat' dir='ltr'>ea</span> 
     </span>
     <span class='ocr_line' id='line_1_16' title="bbox 254 1583 350 1628; baseline -0.021 0"><span class='ocrx_word' id='word_1_90' title='bbox 254 1589 289 1628; x_wconf 82' lang='lat' dir='ltr'>ea</span> <span class='ocrx_word' id='word_1_91' title='bbox 310 1583 350 1626; x_wconf 87' lang='lat' dir='ltr'>et.</span> 
     </span>
    </p>

    <p class='ocr_par' dir='ltr' id='par_1_6' title="bbox 192 1639 936 2291">
     <span class='ocr_line' id='line_1_17' title="bbox 296 1639 934 1724; baseline -0.008 -16"><span class='ocrx_word' id='word_1_92' title='bbox 296 1644 440 1708; x_wconf 85' lang='lat' dir='ltr'><strong>LXVII.</strong></span> <span class='ocrx_word' id='word_1_93' title='bbox 459 1641 554 1724; x_wconf 80' lang='lat' dir='ltr'>Hujus</span> <span class='ocrx_word' id='word_1_94' title='bbox 574 1642 664 1704; x_wconf 80' lang='lat' dir='ltr'>totius</span> <span class='ocrx_word' id='word_1_95' title='bbox 680 1643 822 1724; x_wconf 82' lang='lat' dir='ltr'>temporis</span> <span class='ocrx_word' id='word_1_96' title='bbox 840 1639 934 1704; x_wconf 79' lang='lat' dir='ltr'>fortu-</span> 
     </span>
     <span class='ocr_line' id='line_1_18' title="bbox 255 1722 933 1806; baseline -0.01 -16"><span class='ocrx_word' id='word_1_97' title='bbox 255 1747 322 1790; x_wconf 81' lang='lat' dir='ltr'>nam</span> <span class='ocrx_word' id='word_1_98' title='bbox 348 1748 385 1788; x_wconf 85' lang='lat' dir='ltr'>ne</span> <span class='ocrx_word' id='word_1_99' title='bbox 413 1726 520 1786; x_wconf 87' lang='lat' dir='ltr'>deflere</span> <span class='ocrx_word' id='word_1_100' title='bbox 550 1723 669 1806; x_wconf 87' lang='lat' dir='ltr'>quidem</span> <span class='ocrx_word' id='word_1_101' title='bbox 695 1722 844 1806; x_wconf 82' lang='lat' dir='ltr'>quisquam</span> <span class='ocrx_word' id='word_1_102' title='bbox 870 1722 933 1784; x_wconf 83' lang='lat' dir='ltr'>satis</span> 
     </span>
     <span class='ocr_line' id='line_1_19' title="bbox 239 1805 933 1894; baseline -0.01 -23"><span class='ocrx_word' id='word_1_103' title='bbox 239 1809 343 1894; x_wconf 74' lang='lat' dir='ltr'>&#39;digne</span> <span class='ocrx_word' id='word_1_104' title='bbox 360 1810 454 1892; x_wconf 83' lang='lat' dir='ltr'>potuit</span> <span class='ocrx_word' id='word_1_105' title='bbox 467 1851 478 1879; x_wconf 89' lang='lat'><strong>,</strong></span> <span class='ocrx_word' id='word_1_106' title='bbox 491 1805 566 1866; x_wconf 75' lang='lat' dir='ltr'>adeo</span> <span class='ocrx_word' id='word_1_107' title='bbox 584 1823 672 1865; x_wconf 85' lang='lat' dir='ltr'>nemo</span> <span class='ocrx_word' id='word_1_108' title='bbox 687 1807 850 1886; x_wconf 73' lang='lat' dir='ltr'>exprimere</span> <span class='ocrx_word' id='word_1_109' title='bbox 866 1825 933 1865; x_wconf 76' lang='lat' dir='ltr'>ver·</span> 
     </span>
     <span class='ocr_line' id='line_1_20' title="bbox 245 1882 933 1973; baseline -0.015 -20"><span class='ocrx_word' id='word_1_110' title='bbox 245 1889 301 1953; x_wconf 60' lang='lat' dir='ltr'>‘bis</span> <span class='ocrx_word' id='word_1_111' title='bbox 318 1887 421 1973; x_wconf 81' lang='lat' dir='ltr'>potest.</span> <span class='ocrx_word' id='word_1_112' title='bbox 437 1888 472 1948; x_wconf 88' lang='lat' dir='ltr'>ld</span> <span class='ocrx_word' id='word_1_113' title='bbox 485 1905 586 1949; x_wconf 72' lang='lat' dir='ltr'>remen</span> <span class='ocrx_word' id='word_1_114' title='bbox 602 1885 760 1945; x_wconf 81' lang='lat' dir='ltr'>notandum</span> <span class='ocrx_word' id='word_1_115' title='bbox 772 1883 835 1958; x_wconf 84' lang='lat' dir='ltr'>est,</span> <span class='ocrx_word' id='word_1_116' title='bbox 853 1882 933 1945; x_wconf 82' lang='lat' dir='ltr'>fuiffe</span> 
     </span>
     <span class='ocr_line' id='line_1_21' title="bbox 236 1965 936 2053; baseline -0.013 -19"><span class='ocrx_word' id='word_1_117' title='bbox 236 2003 240 2008; x_wconf 96' lang='lat'>·</span> <span class='ocrx_word' id='word_1_118' title='bbox 254 1979 287 2034; x_wconf 87' lang='lat' dir='ltr'>in</span> <span class='ocrx_word' id='word_1_119' title='bbox 302 1971 477 2053; x_wconf 79' lang='lat' dir='ltr'>proferipros</span> <span class='ocrx_word' id='word_1_120' title='bbox 489 1985 614 2028; x_wconf 76' lang='lat' dir='ltr'>unorum</span> <span class='ocrx_word' id='word_1_121' title='bbox 627 1965 716 2028; x_wconf 82' lang='lat' dir='ltr'>fidem</span> <span class='ocrx_word' id='word_1_122' title='bbox 726 1965 888 2038; x_wconf 80' lang='lat' dir='ltr'>summam,</span> <span class='ocrx_word' id='word_1_123' title='bbox 903 1966 936 2025; x_wconf 78' lang='lat' dir='ltr'>li‹</span> 
     </span>
     <span class='ocr_line' id='line_1_22' title="bbox 237 2043 936 2129; baseline -0.009 -17"><span class='ocrx_word' id='word_1_124' title='bbox 237 2095 243 2102; x_wconf 85' lang='lat'>-</span> <span class='ocrx_word' id='word_1_125' title='bbox 258 2053 407 2112; x_wconf 79' lang='lat' dir='ltr'>benorum</span> <span class='ocrx_word' id='word_1_126' title='bbox 421 2049 564 2119; x_wconf 84' lang='lat' dir='ltr'>mediam,</span> <span class='ocrx_word' id='word_1_127' title='bbox 579 2047 727 2109; x_wconf 83' lang='lat' dir='ltr'>servorum</span> <span class='ocrx_word' id='word_1_128' title='bbox 743 2046 889 2129; x_wconf 77' lang='lat' dir='ltr'>aliquam,</span> <span class='ocrx_word' id='word_1_129' title='bbox 903 2043 936 2106; x_wconf 85' lang='lat' dir='ltr'>fi·</span> 
     </span>
     <span class='ocr_line' id='line_1_23' title="bbox 192 2125 936 2203; baseline -0.005 -11"><span class='ocrx_word' id='word_1_130' title='bbox 192 2197 194 2203; x_wconf 64' lang='grc'>,</span> <span class='ocrx_word' id='word_1_131' title='bbox 257 2133 361 2192; x_wconf 87' lang='lat' dir='ltr'>liorum</span> <span class='ocrx_word' id='word_1_132' title='bbox 378 2129 485 2189; x_wconf 79' lang='lat' dir='ltr'>nullam</span> <span class='ocrx_word' id='word_1_133' title='bbox 498 2151 507 2203; x_wconf 90' lang='lat'>;</span> <span class='ocrx_word' id='word_1_134' title='bbox 522 2128 597 2188; x_wconf 83' lang='lat' dir='ltr'>adeo</span> <span class='ocrx_word' id='word_1_135' title='bbox 614 2125 736 2188; x_wconf 73' lang='lat' dir='ltr'>difficilis</span> <span class='ocrx_word' id='word_1_136' title='bbox 753 2125 794 2188; x_wconf 84' lang='lat' dir='ltr'>est</span> <span class='ocrx_word' id='word_1_137' title='bbox 810 2127 936 2188; x_wconf 86' lang='lat' dir='ltr'>homini·</span> 
     </span>
     <span class='ocr_line' id='line_1_24' title="bbox 257 2206 935 2291; baseline -0.006 -19"><span class='ocrx_word' id='word_1_138' title='bbox 257 2212 312 2272; x_wconf 83' lang='lat' dir='ltr'>bus</span> <span class='ocrx_word' id='word_1_139' title='bbox 336 2225 490 2291; x_wconf 79' lang='lat' dir='ltr'>utcumque</span> <span class='ocrx_word' id='word_1_140' title='bbox 517 2226 664 2291; x_wconf 79' lang='lat' dir='ltr'>coneeprae</span> <span class='ocrx_word' id='word_1_141' title='bbox 684 2207 744 2290; x_wconf 88' lang='lat' dir='ltr'>spei</span> <span class='ocrx_word' id='word_1_142' title='bbox 766 2227 859 2268; x_wconf 82' lang='lat' dir='ltr'>mora.</span> <span class='ocrx_word' id='word_1_143' title='bbox 886 2206 935 2268; x_wconf 91' lang='lat' dir='ltr'>Ne</span> 
     </span>
    </p>
   </div>
   <div class='ocr_carea' id='block_1_6' title="bbox 244 2288 938 2590">
    <p class='ocr_par' dir='ltr' id='par_1_7' title="bbox 244 2288 938 2590">
     <span class='ocr_line' id='line_1_25' title="bbox 259 2288 936 2434; baseline -0.007 -81"><span class='ocrx_word' id='word_1_144' title='bbox 259 2291 330 2434; x_wconf 50' lang='lat' dir='ltr'>guid</span> <span class='ocrx_word' id='word_1_145' title='bbox 342 2292 396 2352; x_wconf 89' lang='lat' dir='ltr'>ulli</span> <span class='ocrx_word' id='word_1_146' title='bbox 412 2289 536 2351; x_wconf 65' lang='lat' dir='ltr'>sunelum</span> <span class='ocrx_word' id='word_1_147' title='bbox 551 2290 760 2372; x_wconf 84' lang='lat' dir='ltr'>relinqueretur</span> <span class='ocrx_word' id='word_1_148' title='bbox 775 2333 785 2362; x_wconf 90' lang='lat'><strong>‚</strong></span> <span class='ocrx_word' id='word_1_149' title='bbox 802 2288 886 2349; x_wconf 85' lang='lat' dir='ltr'>velut</span> <span class='ocrx_word' id='word_1_150' title='bbox 906 2289 936 2348; x_wconf 89' lang='lat' dir='ltr'>in</span> 
     </span>
     <span class='ocr_line' id='line_1_26' title="bbox 244 2367 938 2453; baseline -0.007 -19"><span class='ocrx_word' id='word_1_151' title='bbox 244 2415 247 2422; x_wconf 88' lang='lat'>.</span> <span class='ocrx_word' id='word_1_152' title='bbox 282 2391 363 2434; x_wconf 85' lang='lat' dir='ltr'>orem</span> <span class='ocrx_word' id='word_1_153' title='bbox 384 2375 661 2453; x_wconf 76' lang='lat' dir='ltr'>invitamenrurnque</span> <span class='ocrx_word' id='word_1_154' title='bbox 685 2367 819 2442; x_wconf 85' lang='lat' dir='ltr'>sceleris,</span> <span class='ocrx_word' id='word_1_155' title='bbox 837 2369 938 2429; x_wconf 84' lang='lat' dir='ltr'>Anto-</span> 
     </span>
     <span class='ocr_line' id='line_1_27' title="bbox 261 2448 937 2590; baseline -0.007 -77"><span class='ocrx_word' id='word_1_156' title='bbox 261 2456 325 2514; x_wconf 82' lang='lat' dir='ltr'>nius</span> <span class='ocrx_word' id='word_1_157' title='bbox 349 2453 382 2512; x_wconf 89' lang='lat' dir='ltr'>L.</span> <span class='ocrx_word' id='word_1_158' title='bbox 409 2449 553 2513; x_wconf 68' lang='lat' dir='ltr'>Cesarenr</span> <span class='ocrx_word' id='word_1_159' title='bbox 576 2449 783 2524; x_wconf 71' lang='lat' dir='ltr'>avunculum,</span> <span class='ocrx_word' id='word_1_160' title='bbox 808 2448 937 2590; x_wconf 45' lang='lat' dir='ltr'>Lepidus</span> 
     </span>
    </p>
   </div>
   <div class='ocr_carea' id='block_1_7' title="bbox 236 2529 983 2774">
    <p class='ocr_par' dir='ltr' id='par_1_8' title="bbox 236 2529 983 2774">
     <span class='ocr_line' id='line_1_28' title="bbox 236 2529 983 2614; baseline -0.017 -18"><span class='ocrx_word' id='word_1_161' title='bbox 236 2563 241 2608; x_wconf 65' lang='grc' dir='ltr'>ζ</span> <span class='ocrx_word' id='word_1_162' title='bbox 260 2533 391 2596; x_wconf 80' lang='lat' dir='ltr'>Paullum</span> <span class='ocrx_word' id='word_1_163' title='bbox 401 2532 520 2594; x_wconf 73' lang='lat' dir='ltr'>fratrem</span> <span class='ocrx_word' id='word_1_164' title='bbox 533 2529 762 2614; x_wconf 75' lang='lat' dir='ltr'>proscripserant.</span> <span class='ocrx_word' id='word_1_165' title='bbox 774 2529 840 2590; x_wconf 83' lang='lat' dir='ltr'>Nec</span> <span class='ocrx_word' id='word_1_166' title='bbox 877 2531 939 2589; x_wconf 72' lang='lat' dir='ltr'>len·</span> <span class='ocrx_word' id='word_1_167' title='bbox 977 2563 983 2582; x_wconf 85' lang='lat'><strong><em>.</em></strong></span> 
     </span>
     <span class='ocr_line' id='line_1_29' title="bbox 261 2609 940 2707; baseline -0.009 -31"><span class='ocrx_word' id='word_1_168' title='bbox 261 2637 298 2676; x_wconf 90' lang='lat' dir='ltr'>co</span> <span class='ocrx_word' id='word_1_169' title='bbox 317 2617 406 2705; x_wconf 76' lang='lat' dir='ltr'>gratia</span> <span class='ocrx_word' id='word_1_170' title='bbox 423 2613 514 2674; x_wconf 87' lang='lat' dir='ltr'>defuit</span> <span class='ocrx_word' id='word_1_171' title='bbox 530 2613 566 2696; x_wconf 83' lang='lat' dir='ltr'>ad</span> <span class='ocrx_word' id='word_1_172' title='bbox 583 2610 813 2707; x_wconf 67' lang='lat' dir='ltr'>impetrandum,</span> <span class='ocrx_word' id='word_1_173' title='bbox 829 2625 863 2669; x_wconf 87' lang='lat' dir='ltr'>ur</span> <span class='ocrx_word' id='word_1_174' title='bbox 881 2609 940 2670; x_wconf 78' lang='lat' dir='ltr'>fm-</span> 
     </span>
     <span class='ocr_line' id='line_1_30' title="bbox 261 2687 940 2774; baseline -0.006 -19"><span class='ocrx_word' id='word_1_175' title='bbox 261 2711 305 2754; x_wconf 89' lang='lat' dir='ltr'>rer</span> <span class='ocrx_word' id='word_1_176' title='bbox 332 2715 394 2774; x_wconf 73' lang='lat' dir='ltr'>ejus</span> <span class='ocrx_word' id='word_1_177' title='bbox 419 2694 537 2754; x_wconf 82' lang='lat' dir='ltr'>Plancus</span> <span class='ocrx_word' id='word_1_178' title='bbox 563 2691 671 2753; x_wconf 85' lang='lat' dir='ltr'>Plonus</span> <span class='ocrx_word' id='word_1_179' title='bbox 699 2687 940 2774; x_wconf 82' lang='lat' dir='ltr'>proscnberetur.</span> 
     </span>
    </p>
   </div>
   <div class='ocr_carea' id='block_1_8' title="bbox 236 2772 941 2858">
    <p class='ocr_par' dir='ltr' id='par_1_9' title="bbox 236 2772 941 2858">
     <span class='ocr_line' id='line_1_31' title="bbox 236 2772 941 2858; baseline -0.006 -20"><span class='ocrx_word' id='word_1_180' title='bbox 236 2809 240 2820; x_wconf 85' lang='lat'>.</span> <span class='ocrx_word' id='word_1_181' title='bbox 262 2773 366 2858; x_wconf 74' lang='lat' dir='ltr'>quue</span> <span class='ocrx_word' id='word_1_182' title='bbox 385 2777 460 2838; x_wconf 83' lang='lat' dir='ltr'>inter</span> <span class='ocrx_word' id='word_1_183' title='bbox 475 2772 560 2856; x_wconf 83' lang='lat' dir='ltr'>jocos</span> <span class='ocrx_word' id='word_1_184' title='bbox 576 2772 732 2848; x_wconf 63' lang='lat' dir='ltr'>muium»,</span> <span class='ocrx_word' id='word_1_185' title='bbox 745 2773 804 2855; x_wconf 46' lang='lat' dir='ltr'>*qul</span> <span class='ocrx_word' id='word_1_186' title='bbox 815 2791 941 2834; x_wconf 70' lang='lat' dir='ltr'>earnm</span> 
     </span>
    </p>
   </div>
   <div class='ocr_carea' id='block_1_9' title="bbox 0 0 1029 3618">
    <p class='ocr_par' dir='ltr' id='par_1_10' title="bbox 0 0 1029 3618">
     <span class='ocr_line' id='line_1_32' title="bbox 0 0 1029 3618; baseline 0 0"><span class='ocrx_word' id='word_1_187' title='bbox 0 0 1029 3618; x_wconf 95' lang='lat' dir='ltr'> </span> 
     </span>
    </p>
   </div>
  </div>
 </body>
</html>
