2014 3620
218 293 545 363 HIST.·LIBER
564 294 622 362 ΙΙ.
700 317 748 388 47
786 276 788 278 ¹

71 414 187 486 Cinna,
206 411 349 492 corruptis
368 409 462 490 primo
483 409 696 470 centurionibus
716 432 750 471 ac

71 494 217 566 tribunis,
234 511 302 552 mox
319 491 405 552 etiam
420 489 469 572 spe
481 491 639 574 largitionis
650 491 751 550 militi-

73 575 127 634 bus
138 617 148 648 ,
160 573 195 633 ab
205 591 241 632 eo
252 574 395 644 exercitu,
408 574 457 654 qui
470 573 544 632 circa
551 569 660 632 Nolam
670 588 749 647 erat,

76 671 207 734 receptus
225 651 275 714 est.
289 651 338 728 Is,
352 673 440 734 quum
455 651 602 712 universus
618 655 647 712 in
658 651 751 713 verba

77 732 137 813 ejus
153 731 281 814 jurasset,
296 735 420 794 retinens
438 735 555 816 insignia
572 731 749 810 consulatis,

75 816 173 896 patriae
182 815 289 876 bellum
298 815 408 888 intulit,
422 813 511 874 fretus
525 816 633 896 ingenti
648 834 748 874 nurne-

74 915 108 956 ro
132 915 279 956 novorum
299 897 431 968 civium,
450 914 467 953 e
492 915 616 975 quorum
636 893 749 954 delectu

73 992 215 1036 trecentas
235 995 281 1034 arn
302 974 355 1034 liius
373 974 508 1034 cohortes
526 972 633 1033 conseri
655 971 749 1048 serat,

75 1076 108 1115 ac
137 1057 252 1138 triginta
282 996 430 1136 segionum
455 1051 541 1113 instat
569 995 749 1134 impssverat.

76 1135 161 1226 Opus
181 1141 241 1198 erat
261 1135 385 1216 partibus
403 1180 413 1208 ‚
432 1132 619 1206 auctoritate,
671 1133 751 1208 ὠὴ

75 1238 154 1295 cu1us
174 1215 313 1297 augendae
337 1213 374 1275 C.
394 1213 520 1274 Mariutn
541 1233 607 1273 curn
651 1213 689 1274 lio
712 1212 751 1274 de

76 1297 178 1356 exsilio
206 1295 377 1368 revocavit,
399 1296 506 1378 quique
531 1294 649 1356 cuniis
675 1294 752 1377 pulsi

77 1392 166 1436 erant.
493 1398 496 1409 “

116 1453 209 1517 XXI.
229 1453 311 1515 Dum
322 1454 430 1516 belltun
446 1471 540 1516 autern
550 1453 636 1516 infert
673 1455 750 1516 atriae

77 1533 192 1615 Cinna,
208 1533 265 1597 Cn.
276 1535 348 1596 Potn
370 1538 429 1598 eius
443 1535 542 1618 Magni
555 1552 635 1618 pater
651 1475 750 1616 fcujus

75 1617 212 1700 praeclara
232 1619 322 1698 operi
348 1558 429 1678 Eello
454 1616 581 1678 Marsico
605 1617 751 1699 praecipue

75 1700 151 1760 circa
170 1697 306 1758 Picenum
324 1719 443 1780 agrurn,
460 1714 491 1756 ut
509 1696 620 1778 praescri
644 1699 753 1772 simus,

75 1777 125 1839 usa
147 1795 207 1838 erat
225 1777 401 1858 respublica,
422 1781 526 1858 quique
544 1719 683 1838 Ascufum
705 1798 752 1837 ce·

77 1875 179 1939 perat,
191 1859 267 1916 circa
283 1877 368 1934 quarn
381 1857 482 1915 urbem
495 1900 502 1926 ,
515 1877 603 1936 quum
614 1858 645 1915 in
658 1855 753 1916 multis

77 1938 140 1998 aliis
161 1935 326 2018 regionibus
347 1938 487 1996 exercitus
504 1934 621 2017 dispersi
638 1933 754 2011 forent,
815 2007 819 2010 ¹

77 2019 206 2102 quinque
222 2014 445 2099 &septuaginta
461 2015 551 2077 millia
570 2019 677 2077 civium
690 2015 753 2078 Ro·-

77 2118 252 2170 manorum‚
270 2097 391 2179 amplius
410 2095 552 2180 sexaginta
570 2096 660 2158 millia
679 2095 755 2158 Itali·

76 2200 181 2242 corurn
190 2179 248 2240 unzi
259 2177 306 2238 die
316 2178 527 2261 conflixerant]
541 2177 688 2239 frustratus
703 2178 754 2259 spe

77 2260 265 2322 continuandi
277 2257 454 2332 consularius,
469 2261 508 2318 ita
521 2258 550 2320 se
563 2259 680 2318 dubium
691 2279 755 2318 rne-

78 2338 368 2480 diutnqueugartibus
383 2335 529 2421 praestitit,
547 2356 580 2398 ut
599 2339 697 2396 omnia
718 2359 755 2398 ex

77 2443 199 2506 proprio
240 2436 377 2502 uagetet,
385 2415 618 2501 temporibusque
629 2417 755 2478 insidiari

76 2503 249 2576 videretur,
268 2501 301 2562 &
316 2499 371 2561 huc
388 2517 475 2581 atque
493 2499 559 2560 illuc
571 2543 581 2573 ,
595 2497 670 2558 unde
691 2495 755 2579 spes

76 2580 171 2661 major
196 2577 314 2642 affuisset
336 2583 502 2662 potentiae,
532 2577 572 2640 se
584 2579 757 2640 exercitum-

77 2683 139 2744 que
160 2660 325 2724 deuerteret
343 2683 351 2722 z
371 2661 421 2723 sed
441 2661 477 2724 ad
497 2659 629 2722 ultimum
650 2681 696 2718 rna
717 2681 756 2722 no

77 2744 230 2823 atrocique
242 2742 348 2825 proelio
362 2764 428 2806 curn
441 2739 535 2806 Cinna
545 2742 683 2804 conflixit.
696 2681 759 2804 su·
