2014 3620
237 299 377 369 Hrsr.
404 299 556 365 eren
584 297 638 366 ΙΙ.
722 319 761 398 ςι

90 419 195 492 vium,
212 415 285 480 Asia
300 414 489 498 omnibusque
508 415 570 476 aliis
590 417 767 498 provinciis,

91 521 164 584 quas
175 500 261 558 armis
273 513 481 579 occupaverat,
493 495 635 558 decedere
650 499 704 558 cu'e'
725 500 768 574 ‘t,

91 580 226 660 captivos
249 582 385 662 recepit,
405 579 435 637 in
454 575 587 660 perfugas
606 580 768 660 noxioque

94 660 315 733 animadvertit,
337 659 485 742 paternis,
505 657 535 718 id
555 656 596 720 est
607 701 618 732 ‚
638 657 767 721 Ponticis

94 737 197 802 finibus
213 757 380 802 contentum
398 737 453 800 ess'e
472 737 564 818 jussit.

77 827 79 834 '
130 819 254 884 XXIV.
275 818 313 883 C.
331 821 447 881 Flavius
464 818 611 891 Fimbria,
628 823 677 960 Ἱιιὶ
694 841 767 902 prae·

91 899 180 962 sedus
196 922 213 963 e
235 903 328 962 uitum
341 918 406 960 ante
421 899 579 960 adventum
590 897 640 960 Sul
651 923 696 972 re,
708 900 767 962 Va·

91 981 195 1046 lerium
212 923 347 1042 slaccum
368 977 545 1042 consularem
563 981 658 1040 virum
678 983 767 1040 inter-

92 1061 220 1137 fecerat,
245 1064 429 1144 exercituque
447 1077 590 1142 occupato
609 1062 767 1142 imperator

91 1142 279 1238 appeilatus,
303 1143 379 1203 forte
401 1140 591 1238 Mithridaten
614 1141 768 1280 sepum

91 1223 215 1318 prurire,
229 1222 279 1284 sub
291 1223 446 1284 adventum
454 1219 574 1284 Sullaese
583 1242 613 1303 rp

626 1239 767 1284 emtere-

91 1321 163 1376 mrt,
174 1302 359 1378 adolescens,
371 1323 435 1386 quae
472 1302 576 1364 essime
589 1301 671 1364 ausus
683 1321 767 1376 erat,

91 1382 204 1446 sortiter
224 1383 381 1446 exsecutus.
400 1325 513 1445 Eodem
530 1404 606 1445 anno
623 1383 656 1445 P.
664 1383 778 1451 Lanae,

92 1464 221 1524 tribunus
236 1465 330 1547 plebis
347 1463 413 1526 Sex.
426 1465 585 1539 Lucilium,
601 1462 650 1548 qui
667 1467 766 1546 priore

92 1567 168 1607 anno
183 1544 417 1628 tribunusplebis
433 1545 524 1606 suerat
533 1589 543 1620 ,
558 1544 624 1607 saxo
634 1543 765 1626 Tarpeio

91 1625 199 1706 dejecit
216 1648 226 1702 ;
245 1627 278 1689 &
299 1647 388 1710 quum
411 1626 532 1708 collega
551 1624 638 1708 ejus,
660 1627 765 1707 quibus

91 1707 170 1767 diem
189 1708 322 1779 dixerat,
341 1724 420 1768 metu
442 1707 478 1766 ad
496 1705 615 1770 Sullam,
644 1703 708 1768 rofu
730 1703 765 1767 's-

91 1787 168 1859 sent,
180 1789 254 1868 aqui
269 1789 384 1868 ignique
395 1789 430 1845 iis
441 1786 595 1848 interdixit.
638 1806 689 1846 um
720 1787 765 1847 ul·

91 1867 141 1938 la,
157 1868 327 1948 compositis
347 1865 535 1926 transmarinis
552 1865 657 1936 rebus,
674 1886 766 1948 quum

1 1948 2 1951 ’
90 1947 232 2022 adeum,
273 1947 376 2007 timum
393 1945 765 2024 omniumsRomanorum,

90 2030 118 2088 ie
141 1968 351 2088 atiPartssorum
360 2025 514 2103 venissent,
525 2012 594 2090 &sn
602 2029 637 2089 iis
645 2029 764 2112 quidam

66 2179 69 2185 Ι
128 2111 173 2191 agi
185 2129 221 2170 ex
231 2111 308 2169 notis
319 2111 449 2190 corporis
462 2107 688 2191 respondissent,
706 2131 764 2172 coe·

91 2189 193 2250 lest'em
205 2187 267 2268 ejus
277 2191 368 2249 vitam
382 2192 415 2252 ὅ(
426 2188 738 2250 memoriam'suturatn
751 2233 763 2262 ,

89 2269 221 2330 revedius
236 2272 265 2330 in
285 2267 394 2330 ltaliam
406 2311 417 2342 ,
430 2269 506 2329 haud
519 2270 698 2350 pluraquam
711 2271 764 2330 tri·
858 2324 860 2332 s

88 2351 170 2445 ginta
184 2367 357 2446 armaterum
373 2349 464 2446 millia
477 2349 631 2444 advereum
641 2349 765 2448 ducenta

87 2428 763 2594 tts¹2ttgiit¹¹tsttt“titiis“titt

57 2601 60 2606 '
86 2593 241 2666 dixerim,
261 2591 348 2676 quim
366 2592 467 2675 quid,
486 2611 576 2674 quum
599 2611 651 2674 per
673 2593 765 2653 trien·

85 2676 170 2734 nium
184 2670 322 2734 Cinnanae
335 2672 529 2756 Marianaeque
544 2690 638 2756 partes
653 2669 763 2734 ltaliam

86 2753 277 2832 obsiderent,
292 2773 386 2840 neque
400 2752 545 2820 illaturum
558 2752 713 2894 stobi-uum
729 2755 764 2814 iia

427 2854 432 2862 r
625 2853 646 2913 ¹1
