2014 3620
255 315 392 386 Hirr.
408 261 572 385 rerrrrr
596 317 653 386 ΙΙ.
687 299 688 302 “
736 317 786 416 65·

85 433 258 498 'mediocre
285 431 389 512 adjecit
420 433 507 494 decus
531 451 614 494 natus
645 453 681 494 eo
709 454 784 494 anno

111 516 211 577 Divus
229 513 391 596 Augustus,
409 513 511 574 abhinc
530 535 620 574 annos
640 513 788 597 odloginra
799 536 819 546 ‘

31 652 35 658 .
111 597 188 657 duos
201 617 211 669 3
222 595 353 655 omnibus
364 597 494 656 omnium
505 599 632 676 gentium
641 597 711 655 viris
727 617 788 654 ma·

111 675 259 758 gnitudine
284 673 331 734 sui
354 675 516 736 indudlurus
541 677 702 756 caliginem.
722 674 792 740 Jam-

111 775 188 838 pene
207 754 447 837 supervacaneum
465 756 559 816 videri
580 755 693 836 potest,
714 759 787 816 erni·

110 837 241 897 nentium
253 837 436 924 ingeniorum
450 854 549 896 notare
563 852 709 974 temgora:
723 841 786 918 quis

111 918 191 977 enirn
217 918 330 998 ignorat
355 916 512 996 diremptos
541 916 618 998 gradi
640 938 672 975 us
696 919 803 978 aetatis'

112 994 236 1056 floruiffe
255 996 311 1056 hoc
334 1013 468 1078 tempore
489 993 688 1070 Ciceronem,
708 996 791 1058 Hor·.

112 1079 269 1150 tensium,
294 1075 416 1158 sanique
443 1075 599 1152 Crallum,
624 1074 787 1152 Catonem,

111 1155 292 1238 Sulpicium
312 1177 438 1238 moxque
456 1155 575 1217 Brutum
593 1201 604 1228 ,
623 1155 765 1217 Calidium
777 1201 792 1230 ,.

100 1235 262 1310 Coelium,
275 1234 418 1310 Calvum,
432 1239 464 1299 &
475 1240 640 1319 proximum
651 1235 788 1298 Ciceroni

114 1315 258 1383 Caesarem
271 1339 280 1391 ;
295 1337 451 1399 eorumque
467 1317 548 1380 velut
565 1317 693 1378 alumnos
710 1315 791 1379 Cor·,

111 1400 215 1460 vinum
234 1419 267 1458 ac
286 1397 444 1459 Pollionem
467 1397 620 1471 Asinium,
639 1399 786 1461 aemulum·

114 1499 172 1561 que
194 1477 375 1560 Thucydidis
394 1477 553 1539 Sallustium
573 1503 582 1554 3
604 1477 787 1563 nudioresque

113 1561 272 1620 carminum
291 1557 455 1620 Varronem
479 1582 510 1619 ac
531 1561 718 1632 Lucretium,
735 1581 787 1620 ne-

42 1669 45 1674 ·
102 1661 171 1722 ·que
183 1640 243 1699 ullo
256 1641 285 1700 in
296 1639 416 1722 suscepti
432 1643 528 1721 operis
545 1639 585 1700 sui
597 1643 720 1702 carmine
734 1643 788 1701 mi-

111 1741 216 1782 norem
229 1717 387 1781 Catullum.
402 1721 479 1781 Pene
496 1720 576 1780 stulta
593 1719 633 1780 est
649 1723 789 1788 inhaeren·

112 1803 188 1862 tium
204 1801 296 1859 oculis
312 1803 491 1882 ingeniorum
508 1804 684 1860 enumeratio
695 1847 705 1874 ,
715 1805 789 1862 inter

113 1902 181 1963 quae
199 1880 323 1938 maxime
342 1879 429 1940 nostri
446 1883 501 1938 aevi
515 1883 641 1940 eminent
657 1883 790 1962 princeps

113 1961 273 2022 carminum
290 1959 427 2042 Virgilius
445 1959 650 2040 Rabiriusque‚
669 1963 701 2022 &
719 1984 806 2022 conv

112 2041 227 2103 secutus
243 2037 403 2102 Sallustium
415 2041 533 2116 Livius,
551 2039 739 2124 Tibullusque
758 2046 790 2106 &

113 2121 215 2196 Naso,
238 2121 433 2202 perfellissimi
454 2121 594 2182 informa
614 2127 709 2205 operis
730 2124 789 2187 sui:

114 2224 183 2264 nam
193 2205 328 2263 vivorum
337 2222 368 2264 ut
377 2224 480 2285 magna
489 2203 639 2265 admiratio
650 2248 659 2279 ,
672 2206 712 2264 ita
724 2225 792 2264 cen·

115 2281 179 2344 sura
197 2281 318 2342 difficilis
336 2281 387 2343 est.
815 2321 816 2324 =

158 2362 299 2423 XXXVI
308 2362 336 2423 l.·
352 2361 431 2427 Dum
445 2363 506 2422 haec
517 2361 641 2422 inUrbe
653 2361 792 2445 Italiaque

116 2457 275 2528 geruntur,
292 2443 348 2505 Cn.
365 2443 723 2524 Pompeius'memorabile
739 2445 791 2504 ad·
808 2475 810 2478 ·

114 2527 218 2586 verslrs
232 2524 417 2584 Mithridaten
430 2569 441 2595 ,
458 2526 507 2606 qui
525 2523 589 2604 poll
603 2523 712 2584 Luculli
724 2547 793 2605 pro-

115 2605 272 2666 feilionem
285 2625 401 2687 magnas
414 2607 485 2671 nori
500 2604 639 2667 exercitiis
655 2607 732 2666 vires
746 2627 793 2666 re·

116 2702 287 2768 paraverat,
306 2685 414 2745 bellum
430 2685 526 2768 gessit.
540 2685 582 2745 At
597 2705 647 2744 rex
660 2684 734 2745 fusus
747 2684 794 2747 fu·

116 2763 324 2850 gatus-qum&
341 2767 474 2830 omnibus
492 2785 593 2830 exutus
612 2769 702 2850 copiis
713 2763 802 2842 ,dr-v
