2020 3618
246 327 293 401 92
383 304 417 373 C.
436 306 572 382 ‚Vara
598 303 792 372 Pareae.

248 422 337 504 ruptis
354 422 565 483 commentariis
584 441 591 480 :
611 436 695 502 atque
713 422 810 480 omnia
827 422 929 502 pretio
998 429 999 488 ἶ

248 520 424 583 temperata,
436 502 582 562 vendente
599 501 806 581 rempublicam
824 501 931 567 consu·
997 507 999 576 l

249 584 286 644 le.
301 583 382 644 Idem
397 583 596 663 provinciam,
614 579 655 642 D.
670 581 759 642 Bruto
772 581 929 664 designato
997 637 999 654 1

249 661 357 724 consuli
377 663 543 734 decretam,
560 660 684 723 Galliam
705 683 851 743 occupare
874 662 931 724 sta·

232 809 235 812 ,
248 747 302 806 tuit
314 766 320 804 :
333 743 488 804 Dolabella
502 741 699 802 transmarinas
712 743 845 802 decrevit
855 745 929 818 sibi;
998 757 999 784 ³

248 825 322 884 inter
345 845 379 882 ue
390 823 557 884 naturaliter
567 823 770 882 dissimillimos
784 844 817 882 ac
831 823 929 884 diver·
997 857 999 870 ‹

175 969 179 971 ‚
249 902 278 964 sa
289 846 421 964 vdientes
432 903 575 964 crescebat
584 903 700 977 odium,
711 901 806 984 edque
818 901 855 964 C.
864 901 929 964 Cae·
998 927 999 954 t

250 983 293 1044 sat
313 983 425 1062 juvenis
444 984 615 1066 quotidianis
634 983 756 1044 Antonii
773 984 929 1064 petebatur

250 1065 368 1126 insidiis.

292 1144 385 1206 LXI.
405 1143 557 1224 Torpebat
580 1141 711 1226 oppress'a
727 1143 929 1206 dominatione

251 1225 373 1286 Antonii
392 1227 515 1286 civitas:
537 1224 693 1307 indignatio
712 1225 744 1285 ὃ(
762 1223 850 1284 dolor
867 1247 930 1286 orn

251 1306 359 1375 nibus,
383 1307 428 1367 vis
449 1305 486 1364 ad
504 1303 693 1366 resistendum
713 1303 783 1364 nulli
803 1305 929 1378 aderat,

252 1407 341 1466 quum
358 1383 396 1446 C.
413 1382 507 1444 Caesar
529 1386 674 1446 decimum
691 1405 802 1445 nonum
822 1407 930 1448 annum

252 1463 412 1548 ingressus,
431 1467 503 1525 mira
523 1464 626 1540 ausus,
645 1488 678 1526 ac
698 1464 808 1525 summa
830 1465 930 1528 conse·
997 1485 999 1536 t

252 1563 360 1620 cutus,
383 1547 497 1626 privato
521 1546 641 1606 consilio
664 1543 805 1624 majorem
832 1545 931 1609 senatu

252 1647 307 1709 pro
330 1626 475 1708 republica
496 1628 622 1688 animum
647 1627 766 1700 habuit,
792 1629 931 1708 primum·
998 1689 999 1692 ,

254 1728 310 1788 que
330 1729 346 1768 a
364 1705 471 1768 Calatia
481 1751 492 1780 ‚
511 1729 581 1767 mox
598 1729 615 1766 a
631 1705 758 1768 Casilino
773 1725 934 1781 veteranos·
997 1747 998 1776 t

255 1790 359 1848 excivit
379 1803 521 1868 paternos.
541 1787 678 1866 Quorum
703 1788 873 1867 exemplum
890 1787 930 1848 *se-
997 1805 998 1808 ’

237 1871 313 1930 tuti
340 1869 407 1942 alii,
434 1869 517 1928 brevi
542 1871 572 1927 in
593 1868 716 1928 formam
743 1867 808 1948 justi
835 1871 930 1930 coiere
998 1915 999 1918 ,

255 1951 397 2010 exercitiis
410 1973 416 2010 :
428 1970 497 2009 mox
510 1970 598 2030 quum
611 1947 753 2010 Antonius
766 1949 931 2010 occurrillet
998 2013 999 2022 ,

256 2033 419 2100 exercitui,
442 2050 529 2110 quem
548 2050 584 2089 ex
604 2029 792 2090 transmarinis
814 2035 932 2110 provin·
998 2035 999 2090 l

257 2111 308 2168 ciis
338 2109 519 2171 Brundisium
538 2111 650 2170 'venire
675 2109 792 2212 jusserat
815 2155 825 2184 ,
856 2113 931 2194 legio

256 2187 406 2250 Martia&
424 2187 555 2268 Quarta,
574 2192 691 2271 cognita
705 2193 738 2252 &
750 2190 863 2250 senatus
874 2215 932 2252 vo·

240 2269 385 2343 .luntate‚
403 2271 435 2334 &
460 2272 530 2330 tanti
546 2268 659 2350 juvenis
678 2271 797 2343 indole,
817 2269 932 2332 sublatis

258 2353 366 2431 signis,
385 2351 421 2410 ad
441 2348 582 2412 Caesarem
601 2350 630 2412 se
650 2351 841 2422 contulerunt.
859 2352 933 2413 Eunt

257 2431 368 2490 senatus
392 2431 564 2492 honoratum
590 2429 712 2514 equestri
733 2431 848 2504 statuti,
869 2455 932 2516 quae

257 2510 404 2592 hodieque
428 2514 457 2570 in
482 2511 592 2573 Rostris
616 2513 712 2594 potita
733 2529 848 2574 aetatem
873 2513 933 2592 eius

257 2589 394 2675 scriptura
410 2593 514 2654 indicat
535 2591 606 2674 [qui
624 2593 718 2653 honor
736 2613 796 2652 non
813 2595 862 2652 alii

904 2615 934 2653 er

258 2688 403 2732 trecentos
426 2694 515 2736 annos
535 2673 621 2754 quam
641 2672 675 2732 L.
696 2671 802 2745 Sulla,
820 2675 855 2734 &
878 2617 933 2736 En.
990 2665 992 2672 ⁴

258 2749 420 2836 Pompeio,
442 2753 474 2817 &
496 2752 533 2819 C.
554 2751 658 2817 Caesari
674 2754 859 2841 contigerat]
880 2775 934 2839 pro
