2020 3618
157 383 160 386 ,
258 310 327 383 116
377 309 412 379 C.
440 309 573 378 Vazi,
596 307 801 376 Pnranc.

254 444 402 512 pugnata,
421 425 510 488 Patrae
527 439 619 506 captae
637 469 647 499 ‚
665 421 824 484 Corinthus
842 432 939 484 oc'cu·

255 529 343 592 pata,
359 509 403 568 bis
422 523 487 567 ame
506 507 638 566 ultimum
657 502 812 566 discrimen
834 503 937 566 classis

255 589 382 652 hostiurn
402 588 431 648 su
454 604 539 648 erata.
560 586 626 647 Rex
647 583 791 665 Amyntas
811 586 937 646 meliora

256 673 290 731 dc
306 670 417 730 utiliora
432 609 543 728 secutus
562 667 650 748 (nam
662 663 785 726 Deillius
803 666 936 747 exempli

255 750 297 811 sui
318 766 428 821 tenax,
445 765 476 808 ut
495 767 511 808 a
533 746 691 809 Dolabella
712 747 748 806 ad
770 745 934 828 Cassium)

255 833 357 911 virque
369 830 539 891 clarissimus
550 826 606 888 Cn.
616 825 761 888 Domitius
772 872 782 900 ,
793 829 844 908 qui
857 826 934 888 solus

256 911 483 974 Antonianarum
497 911 620 990 partium
635 927 791 988 numquam
803 911 934 1003 reginam

257 994 311 1053 nisi
329 994 446 1052 nomine
463 989 594 1050 salutavit
609 1033 618 1059 ,
634 990 762 1050 maximo
781 989 814 1050 ὃ(
831 1008 934 1068 precr-

256 1074 310 1156 piti
348 1071 455 1132 ericulo
471 1069 621 1130 transmisit
638 1069 675 1128 ad
690 1065 843 1129 Caesarem.

299 1093 469 1214 LllXXV.
485 1151 614 1212 Advenit
629 1149 733 1210 deinde
747 1151 866 1210 maximi
877 1148 933 1210 dis·

258 1235 382 1294 criminis
400 1233 482 1302 dies,
518 1253 557 1291 uo
573 1228 687 1304 Caesar,
707 1229 933 1312 Antoniusque,

257 1312 403 1394 produslis
424 1254 581 1386 classdrus,
603 1331 658 1394 pto
678 1309 763 1370 salute
785 1310 881 1384 alter,
903 1313 933 1370 in

257 1395 367 1454 ruinam
391 1393 461 1452 alter
484 1411 623 1452 terrarum
646 1391 733 1452 orbis'
747 1391 933 1453 dimicavere.
1006 1457 1007 1460 ,

258 1471 404 1534 Dextrum
414 1476 531 1534 navium
545 1472 716 1539 Iulianarum
726 1493 815 1534 romu
826 1471 934 1544 M,Lu·
1005 1477 1007 1486 '

256 1557 303 1614 rio
315 1553 511 1627 commissum,
522 1553 627 1614 laevum
641 1554 783 1626 Aruntio,
794 1550 933 1635 Agrippae

258 1655 347 1696 omne
363 1635 471 1695 classici
490 1637 649 1694 certaminis
667 1635 824 1694 arbitrium.
837 1631 935 1707 Cesar

257 1719 287 1779 ei
302 1719 377 1798 parti
390 1715 562 1787 destinatus,
576 1717 606 1776 in
620 1737 706 1795 quam
723 1735 739 1774 a
753 1714 869 1775 fortuna
880 1736 935 1775 vo·

257 1814 393 1868 caretur,
412 1797 518 1878 ubique
543 1796 642 1858 aderat
666 1817 672 1854 :
695 1796 789 1856 classis
809 1795 934 1856 Antonii

258 1881 391 1960 regimen
407 1877 562 1938 Publicolae
583 1875 726 1960 Sosioque
744 1875 934 1938 commissum.

258 1958 303 2020 At
329 1961 358 2018 in
384 1975 458 2018 terra
483 1957 608 2020 locatum
635 1961 796 2018 ¹exercitum
820 1955 935 2018 Taurus

261 2037 403 2108 casaris,
423 2038 544 2097 Antonii
567 2040 683 2119 regebat
703 2037 851 2099 Canidius.
872 2039 934 2100 Ubi

259 2120 362 2178 initum
372 2133 515 2176 certamen
532 2116 593 2191 esl,
608 2122 703 2178 omnia
715 2122 743 2178 in
755 2119 842 2180 altera
853 2137 935 2200 parte

259 2195 364 2271 fuere,
382 2197 438 2261 dux
453 2241 465 2271 ,
480 2200 627 2280 remiges,
644 2201 749 2260 milites
765 2221 774 2271 ;
788 2196 821 2259 in
847 2200 935 2261 altera
1006 2205 1007 2210 ’

258 2279 329 2338 nihil
340 2295 443 2360 praeter
456 2277 559 2340 milites
573 2299 581 2338 r
596 2282 688 2360 prima
703 2299 825 2361 occupat
837 2279 936 2364 sugam
1004 2329 1007 2340 .

260 2357 444 2440 Cleopatra3
471 2358 614 2420 Antonius
642 2361 776 2441 fugientis
800 2363 936 2442 reginae,

258 2439 348 2519 quim
370 2443 519 2522 pugnantis
540 2439 637 2500 militis
661 2439 728 2514 sui,
750 2463 853 2501 comes
879 2442 935 2504 effe

173 2576 176 2583 .
260 2520 363 2582 maluit
381 2540 390 2592 ;
409 2523 441 2580 &
461 2523 637 2601 imperator,
655 2523 703 2602 qui
718 2525 748 2582 in
771 2521 936 2584 desertores

260 2597 360 2660 saevire
386 2600 550 2675 debuerat,
574 2599 870 2673 desertorexercitirs
895 2603 935 2666 sui

261 2678 350 2740 sessus
369 2680 418 2740 est.
435 2679 494 2740 Illis
514 2684 619 2756 etiam,
633 2681 758 2744 deiratio
776 2686 873 2765 capite
885 2727 894 2755 ,
907 2689 936 2746 in

205 2781 207 2786 ¹
258 2758 380 2843 longum
397 2760 551 2826 fortissime
572 2763 717 2848 pugnandi
732 2763 849 2830 duravit
866 2787 938 2834 cua·
1006 2793 1007 2798 ¹
