2020 3618
235 329 321 404 v126
373 333 408 403 C.
437 335 569 401 Vm,
595 325 798 400 Pirene.

250 451 380 535 visusque
408 451 566 532 praetulerit
593 451 753 531 principem
774 493 785 522 ‚
804 449 930 532 'quaestor

251 535 497 596 undevicesimum
523 551 629 592 annum
653 548 761 614 agens,
784 531 926 612 repellere

253 617 340 691 coepit
361 611 598 693 rempublicam,
619 612 928 692 maximamquediffi-

252 696 387 756 cultatem
404 715 525 754 annonae
536 739 546 768 ‚
558 713 590 752 ac
606 695 647 753 rei
659 690 851 774 frumentaria
865 696 928 755 ino-

252 777 350 856 piam,
367 777 407 835 ita
427 773 519 835 Ostiae
538 791 565 834 at
607 793 623 833 e
642 775 671 832 in
689 771 771 833 Urbe
794 775 930 835 mandato

252 857 346 916 vitrici
369 857 534 916 moderatus
553 875 569 914 e
610 897 620 925 ‚
645 873 678 915 ut
693 873 752 934 pet·
778 855 831 928 id,
850 857 930 938 quod

254 957 269 996 a
289 936 382 1010 ebat,
403 955 523 1020 quantus
545 933 677 995 evasurus
701 932 771 995 esset
793 935 930 998 eluceret.

254 957 319 1078 lieo
336 1019 429 1078 multb
449 1015 514 1099 pbst
532 1012 625 1076 miffus
643 1015 679 1075 ab
698 1015 805 1098 eodem
825 1018 930 1078 vitrico

254 1118 320 1158 tum
330 1100 457 1158 exercitu
469 1094 666 1166 revisendas,
682 1095 911 1178 ordinandasque
919 1141 934 1170 ,

255 1189 319 1259 q'uae
332 1179 382 1238 sub
394 1176 517 1239 Oriente
534 1173 615 1250 sunt,
631 1177 811 1257 provincias,
829 1180 931 1258 praeci·

256 1261 320 1340 puis
338 1261 469 1319 omnium
484 1259 621 1318 virtutum
635 1257 840 1338 experimentis
852 1259 881 1317 in
895 1279 933 1318 eo

232 1403 238 1410 ,
255 1337 345 1399 ιηᾶιι
355 1339 458 1410 editis,
476 1359 542 1399 cum
554 1336 715 1418 legionibus
727 1335 864 1419 ingreffus
878 1338 934 1398 Ar·

253 1420 398 1494 menium,
413 1418 527 1479 redaeli
544 1419 578 1479 ei
595 1420 623 1476 in
641 1415 812 1498 potestatem
831 1421 934 1500 populi

254 1497 405 1574 Romani,
429 1517 549 1580 regnum
577 1496 639 1578 ejus
665 1497 816 1560 Artauasdi
844 1499 934 1560 dedit.
998 1535 1000 1544 =

256 1577 349 1659 Cujus
365 1600 415 1640 tex
431 1600 546 1660 quoque
562 1577 731 1639 Parthorum
747 1582 819 1639 tanti
837 1583 934 1640 nomi-

256 1662 300 1719 nis
320 1659 396 1720 fami
414 1663 549 1733 territus,
570 1657 676 1720 liberos
695 1658 760 1720 suos
780 1660 815 1720 ad
836 1658 936 1722 Caesa·

257 1761 320 1802 tem
335 1743 412 1801 misit
429 1741 555 1802 obsides.

299 1819 403 1882 XCV.
417 1821 576 1882 Reversum
590 1821 656 1880 inde
673 1819 824 1881 Neronem
839 1819 940 1882 Caesar

256 1902 335 1963 baud
353 1902 506 1963 mediocris
523 1901 592 1962 belli
612 1902 722 1962 molem
740 1903 863 1982 experiri
880 1901 937 1962 sta-

257 1985 339 2054 tuit,
358 1982 490 2058 adjutore
513 1985 609 2062 operis
635 1983 703 2042 dato
730 1981 816 2042 fratre
844 1985 942 2062 ipsius

248 2061 353 2122 'Druso
372 2061 519 2136 Claudio,
538 2083 625 2144 quem
645 2065 720 2122 intra
740 2060 861 2123 Caesaris
884 2085 942 2144 pe·

256 2155 336 2201 nates'
355 2144 445 2200 enixa·
457 2159 516 2202 erat
534 2143 624 2204 Livia.
644 2143 766 2224 Quippe
788 2162 944 2226 uterque,

257 2221 357 2282 divisis
376 2224 500 2302 partibus
517 2223 636 2284 Rhaetos
648 2223 877 2306 Vindelicosque
892 2247 943 2309 ag·

257 2305 366 2387 gressi,
386 2304 480 2364 multis
498 2305 611 2365 urbium
630 2303 863 2366 &castellorum
884 2329 944 2388 op-

254 2385 502 2466 pugnationibus,
523 2405 577 2444 nec
600 2406 659 2445 non
686 2383 793 2444 diretta
816 2407 946 2468 quoque

256 2467 316 2524 acie
339 2464 461 2525 feliciter
482 2465 589 2540 funeb,
608 2481 707 2547 gentes
730 2466 801 2524 locis
828 2471 945 2527 tutissi·
999 2491 1000 2506 ¹

256 2565 337 2616 mas,
352 2546 430 2604 aditu
448 2541 646 2619 difficillimas,
663 2567 784 2605 numero
800 2545 947 2630 frequen·

256 2643 320 2694 tes,
333 2624 443 2686 feritare
461 2644 576 2699 truces,
594 2625 704 2705 majore
717 2647 783 2684 curn
802 2631 950 2706 periculo

256 2704 343 2785 quim
364 2706 469 2764 damno
485 2705 611 2767 Romani
631 2706 789 2778 exercitiis,
808 2709 947 2788 plurimo

255 2805 322 2846 tum
340 2806 439 2848 earum
454 2785 588 2869 sanguine
605 2788 844 2870 perdomuerunt.
858 2789 949 2852 Ante
