2014 3620
230 295 386 366 ·Hrsr.
411 297 567 366 Lrasn
592 297 646 368 ΙΙ.
706 319 772 397 .45

99 415 187 480 Surrae
207 414 359 494 imperium
380 413 595 554 abrqqaretur,
621 411 657 476 C.
681 413 778 476 Matio

98 497 211 560 bellum
226 495 427 556 decerneretur
474 496 666 555 ithridaticum
675 539 685 568 ‚
699 495 777 556 alias·

101 599 159 660 que
183 577 261 716 repes
282 563 451 658 perniciosas
475 577 507 636 &
527 576 704 650 exinanires,
722 597 775 637 ne-

102 679 159 740 que
178 674 207 716 to
221 657 336 716 etandas
354 657 451 717 liberae
469 658 576 718 civitati
596 658 681 717 tulit:
703 659 773 738 quin

102 741 187 798 etiam
201 735 244 816 Q.
263 737 396 820 Pompeii
415 736 536 798 consulis
559 735 671 811 filium,
694 758 774 798 eum·

99 818 226 902 demque
246 817 331 878 Sullae
354 839 521 901 generum,
545 838 596 898 per
619 816 774 880 emiffarios

99 899 228 960 factionis
248 898 303 960 suae
321 897 474 958 interfecit.

141 978 234 1040 XIX.
255 978 335 1039 Tum
346 977 423 1040 Sulla
436 976 582 1037 contrado
599 979 724 1038 exercitu
739 977 779 1038 ad

99 1059 213 1120 Urbem
234 1059 337 1132 rediit,
359 1078 480 1137 eamque
501 1060 586 1117 armis
603 1060 776 1138 occupavit3

98 1141 256 1200 duodecim
269 1139 397 1198 auctores
415 1159 557 1197 novatum
577 1141 778 1218 pessimarum·

100 1241 159 1300 que
176 1240 293 1292 rerum,
308 1221 381 1278 inter
397 1239 469 1300 quos
486 1218 613 1278 Marium
626 1240 695 1278 cum
713 1213 776 1280 filio

100 1301 134 1360 &
152 1299 183 1360 P.
200 1297 438 1380 Sulpicio‚Urbe
454 1296 635 1374 exturbavit,
656 1321 688 1360 ac
708 1299 775 1382 lege

98 1380 159 1440 latai
172 1379 282 1440 exsules
298 1379 373 1441 fecit.
388 1377 544 1462 Sulpicium
561 1383 647 1440 etiam
659 1378 776 1440 affecuti

101 1462 233 1541 equites,
253 1462 282 1520 in
301 1459 478 1521 Laurentinis
497 1461 646 1541 paludibus
667 1459 776 1542 jugula·

99 1561 172 1601 vere
191 1563 201 1616 ;
217 1549 361 1624 'caputque
373 1539 440 1622 ¹ejus
459 1541 583 1604 erectum
604 1544 636 1603 δι
651 1541 775 1601 ostenta-

98 1639 163 1682 tum
182 1643 236 1704 pro
253 1621 371 1695 rostris,
392 1622 474 1682 velut
493 1644 580 1682 omen
599 1623 775 1684 imminentis

98 1701 317 1785 proscriptionis
344 1703 406 1762 fuit.
436 1701 545 1761 Marius
574 1702 638 1783 post
664 1701 773 1764 sextum

99 1781 276 1843 consulatum
289 1803 421 1864 annoque
437 1781 667 1863 septuagesimo,
682 1784 776 1844 nudus

100 1885 134 1922 ac
155 1863 227 1920 limo
249 1863 388 1934 obrutus,
405 1863 496 1920 oculis
513 1864 717 1922 tantummodo
741 1884 775 1924 ac

99 1939 579 2011 naribuseminentibus‚extradus
588 1943 773 2018 arundineto,

99 2025 176 2084 circa
195 2022 330 2104 paludem
353 2021 489 2096 Murice,
508 2025 537 2081 in
558 2027 643 2104 quam
663 2021 691 2082 se
700 2069 711 2096 ‚
730 2022 775 2084 fu·

99 2107 181 2188 giens
199 2101 387 2163 consectantes
406 2101 489 2162 Sullae
506 2107 637 2185 equites,
656 2103 775 2166 abdide-

98 2201 168 2258 rat,
184 2181 291 2263 injedio
309 2187 338 2244 in
356 2184 463 2243 collum
479 2184 563 2257 loro,
579 2188 609 2244 in
627 2193 776 2246 carcerem

98 2265 344 2326 Mintumensium
363 2262 434 2341 jussu
451 2263 608 2326 Duumviri
624 2265 775 2344 perductus

100 2345 151 2406 est.
170 2346 220 2406 Ad
239 2365 326 2428 quem
344 2341 576 2404 interficiendum
594 2343 687 2403 miffus
707 2363 773 2404 cum

98 2427 197 2510 gladio
219 2425 316 2485 servus
338 2424 496 2505 publicus,
517 2427 631 2485 natione
652 2421 775 2485 Germa-

99 2529 174 2582 nus,
194 2508 245 2588 qui
260 2505 335 2566 forte
364 2505 399 2564 ab
423 2507 673 2586 imperatorem,
693 2505 773 2566 bello

100 2585 375 2668 Cimbrico‚captus
383 2603 457 2660 erat,
469 2604 500 2646 ut
510 2587 628 2670 agnovit
637 2585 776 2658 Marium,

98 2687 147 2729 rua
185 2689 205 2726 o
224 2664 330 2746 ejulatu
350 2671 532 2749 exprom'enti
548 2667 774 2749 indignationem

99 2769 148 2809 cas
205 2749 277 2808 tanti
297 2748 380 2824 uiri,
398 2746 511 2830 abjecto
530 2747 627 2832 gladio
645 2745 773 2831 profugit
829 2817 832 2821 ¹
