<?xml version="1.0" encoding="UTF-8"?>
<!DOCTYPE html PUBLIC "-//W3C//DTD XHTML 1.0 Transitional//EN"
    "http://www.w3.org/TR/xhtml1/DTD/xhtml1-transitional.dtd">
<html xmlns="http://www.w3.org/1999/xhtml" xml:lang="en" lang="en">
 <head>
  <title>
</title>
<meta http-equiv="Content-Type" content="text/html;charset=utf-8" />
  <meta name='ocr-system' content='tesseract 3.04.00' />
  <meta name='ocr-capabilities' content='ocr_page ocr_carea ocr_par ocr_line ocrx_word'/>
</head>
<body>
  <div class='ocr_page' id='page_1' title='image "./caiivelleiipate00pategoog_0097.png"; bbox 0 0 2020 3618; ppageno 0'>
   <div class='ocr_carea' id='block_1_1' title="bbox 252 288 777 368">
    <p class='ocr_par' dir='ltr' id='par_1_1' title="bbox 252 288 777 368">
     <span class='ocr_line' id='line_1_1' title="bbox 252 288 777 368; baseline 0.017 -10"><span class='ocrx_word' id='word_1_1' title='bbox 252 289 393 359; x_wconf 83' lang='lat' dir='ltr'>Hrsr.</span> <span class='ocrx_word' id='word_1_2' title='bbox 419 291 579 360; x_wconf 78' lang='lat' dir='ltr'>Lruun</span> <span class='ocrx_word' id='word_1_3' title='bbox 605 293 661 364; x_wconf 84' lang='lat'>11.</span> <span class='ocrx_word' id='word_1_4' title='bbox 735 288 777 368; x_wconf 80' lang='lat'>81</span> 
     </span>
    </p>
   </div>
   <div class='ocr_carea' id='block_1_2' title="bbox 35 405 882 2740">
    <p class='ocr_par' dir='ltr' id='par_1_2' title="bbox 102 405 882 974">
     <span class='ocr_line' id='line_1_2' title="bbox 102 405 784 492; baseline 0.006 -22"><span class='ocrx_word' id='word_1_5' title='bbox 102 405 251 490; x_wconf 86' lang='lat' dir='ltr'>speciosa,</span> <span class='ocrx_word' id='word_1_6' title='bbox 268 408 325 468; x_wconf 85' lang='lat' dir='ltr'>illic</span> <span class='ocrx_word' id='word_1_7' title='bbox 337 407 470 468; x_wconf 85' lang='lat' dir='ltr'>valentia.</span> <span class='ocrx_word' id='word_1_8' title='bbox 484 408 656 492; x_wconf 89' lang='lat' dir='ltr'>Pompeium</span> <span class='ocrx_word' id='word_1_9' title='bbox 672 410 784 474; x_wconf 85' lang='lat' dir='ltr'>senatils</span> 
     </span>
     <span class='ocr_line' id='line_1_3' title="bbox 104 485 785 566; baseline 0.006 -18"><span class='ocrx_word' id='word_1_10' title='bbox 104 487 278 566; x_wconf 42' lang='lat' dir='ltr'>audacitas,</span> <span class='ocrx_word' id='word_1_11' title='bbox 297 485 441 549; x_wconf 76' lang='lat' dir='ltr'>Caesarem</span> <span class='ocrx_word' id='word_1_12' title='bbox 466 491 590 551; x_wconf 89' lang='lat' dir='ltr'>militum</span> <span class='ocrx_word' id='word_1_13' title='bbox 611 496 731 554; x_wconf 88' lang='lat' dir='ltr'>armavit</span> <span class='ocrx_word' id='word_1_14' title='bbox 749 491 785 552; x_wconf 89' lang='lat' dir='ltr'>fi·</span> 
     </span>
     <span class='ocr_line' id='line_1_4' title="bbox 106 567 783 652; baseline 0.01 -25"><span class='ocrx_word' id='word_1_15' title='bbox 106 571 205 630; x_wconf 64' lang='lat' dir='ltr'>ducia·</span> <span class='ocrx_word' id='word_1_16' title='bbox 227 567 367 631; x_wconf 87' lang='lat' dir='ltr'>Consules</span> <span class='ocrx_word' id='word_1_17' title='bbox 387 568 555 652; x_wconf 85' lang='lat' dir='ltr'>senatusque</span> <span class='ocrx_word' id='word_1_18' title='bbox 581 571 670 632; x_wconf 82' lang='lat' dir='ltr'>causae</span> <span class='ocrx_word' id='word_1_19' title='bbox 690 617 702 645; x_wconf 94' lang='lat'>‚</span> <span class='ocrx_word' id='word_1_20' title='bbox 722 595 783 634; x_wconf 95' lang='lat' dir='ltr'>non</span> 
     </span>
     <span class='ocr_line' id='line_1_5' title="bbox 105 648 782 732; baseline 0.01 -23"><span class='ocrx_word' id='word_1_21' title='bbox 105 649 276 730; x_wconf 90' lang='lat' dir='ltr'>Pompeio,</span> <span class='ocrx_word' id='word_1_22' title='bbox 301 648 438 710; x_wconf 89' lang='lat' dir='ltr'>summam</span> <span class='ocrx_word' id='word_1_23' title='bbox 464 653 578 732; x_wconf 90' lang='lat' dir='ltr'>imperii</span> <span class='ocrx_word' id='word_1_24' title='bbox 607 652 782 716; x_wconf 86' lang='lat' dir='ltr'>detulerunt.</span> 
     </span>
     <span class='ocr_line' id='line_1_6' title="bbox 105 727 782 813; baseline 0.009 -23"><span class='ocrx_word' id='word_1_25' title='bbox 105 727 185 790; x_wconf 89' lang='lat' dir='ltr'>Nihil</span> <span class='ocrx_word' id='word_1_26' title='bbox 203 729 331 790; x_wconf 73' lang='lat' dir='ltr'>relidunt</span> <span class='ocrx_word' id='word_1_27' title='bbox 349 735 365 790; x_wconf 86' lang='lat' dir='ltr'>a&#39;</span> <span class='ocrx_word' id='word_1_28' title='bbox 386 728 519 804; x_wconf 81' lang='lat' dir='ltr'>Caesare,</span> <span class='ocrx_word' id='word_1_29' title='bbox 534 734 614 813; x_wconf 91' lang='lat' dir='ltr'>quod</span> <span class='ocrx_word' id='word_1_30' title='bbox 633 732 782 796; x_wconf 82' lang='lat' dir='ltr'>servandae</span> 
     </span>
     <span class='ocr_line' id='line_1_7' title="bbox 104 811 882 905; baseline 0.009 -35"><span class='ocrx_word' id='word_1_31' title='bbox 104 812 182 893; x_wconf 84' lang='lat' dir='ltr'>pacis</span> <span class='ocrx_word' id='word_1_32' title='bbox 199 811 283 872; x_wconf 71' lang='lat' dir='ltr'>causa</span> <span class='ocrx_word' id='word_1_33' title='bbox 300 813 403 871; x_wconf 88' lang='lat' dir='ltr'>tentari</span> <span class='ocrx_word' id='word_1_34' title='bbox 420 811 530 892; x_wconf 89' lang='lat' dir='ltr'>posset,</span> <span class='ocrx_word' id='word_1_35' title='bbox 544 814 615 874; x_wconf 87' lang='lat' dir='ltr'>nihil</span> <span class='ocrx_word' id='word_1_36' title='bbox 632 832 782 905; x_wconf 80' lang='lat' dir='ltr'>receptum</span> <span class='ocrx_word' id='word_1_37' title='bbox 881 823 882 828; x_wconf 75' lang='grc'>’</span> 
     </span>
     <span class='ocr_line' id='line_1_8' title="bbox 103 890 781 974; baseline 0.007 -23"><span class='ocrx_word' id='word_1_38' title='bbox 103 913 122 951; x_wconf 89' lang='lat' dir='ltr'>a</span> <span class='ocrx_word' id='word_1_39' title='bbox 144 890 324 973; x_wconf 83' lang='lat' dir='ltr'>Pompeianis</span> <span class='ocrx_word' id='word_1_40' title='bbox 347 913 354 951; x_wconf 92' lang='lat'>:</span> <span class='ocrx_word' id='word_1_41' title='bbox 379 912 468 972; x_wconf 91' lang='lat' dir='ltr'>quum</span> <span class='ocrx_word' id='word_1_42' title='bbox 489 893 560 952; x_wconf 90' lang='lat' dir='ltr'>alter</span> <span class='ocrx_word' id='word_1_43' title='bbox 583 893 682 954; x_wconf 92' lang='lat' dir='ltr'>consul</span> <span class='ocrx_word' id='word_1_44' title='bbox 697 895 781 974; x_wconf 80' lang='lat' dir='ltr'>¹Jullo</span> 
     </span>
    </p>

    <p class='ocr_par' dir='ltr' id='par_1_3' title="bbox 103 969 783 1057">
     <span class='ocr_line' id='line_1_9' title="bbox 103 969 783 1057; baseline 0.007 -27"><span class='ocrx_word' id='word_1_45' title='bbox 103 969 174 1033; x_wconf 81' lang='lat' dir='ltr'>esset</span> <span class='ocrx_word' id='word_1_46' title='bbox 191 970 317 1032; x_wconf 86' lang='lat' dir='ltr'>ferocior</span> <span class='ocrx_word' id='word_1_47' title='bbox 333 993 343 1046; x_wconf 91' lang='lat'>;</span> <span class='ocrx_word' id='word_1_48' title='bbox 360 970 497 1032; x_wconf 88' lang='lat' dir='ltr'>Lentulus</span> <span class='ocrx_word' id='word_1_49' title='bbox 514 975 587 1034; x_wconf 84' lang='lat' dir='ltr'>verb</span> <span class='ocrx_word' id='word_1_50' title='bbox 605 973 681 1036; x_wconf 69' lang='lat' dir='ltr'>salvb</span> <span class='ocrx_word' id='word_1_51' title='bbox 697 995 783 1057; x_wconf 89' lang='lat' dir='ltr'>repu-</span> 
     </span>
    </p>

    <p class='ocr_par' dir='ltr' id='par_1_4' title="bbox 103 1049 782 1134">
     <span class='ocr_line' id='line_1_10' title="bbox 103 1049 782 1134; baseline 0.009 -24"><span class='ocrx_word' id='word_1_52' title='bbox 103 1051 179 1111; x_wconf 74' lang='lat' dir='ltr'>blica</span> <span class='ocrx_word' id='word_1_53' title='bbox 199 1049 292 1112; x_wconf 90' lang='lat' dir='ltr'>salvus</span> <span class='ocrx_word' id='word_1_54' title='bbox 315 1050 370 1112; x_wconf 82' lang='lat' dir='ltr'>else</span> <span class='ocrx_word' id='word_1_55' title='bbox 394 1073 453 1112; x_wconf 93' lang='lat' dir='ltr'>non</span> <span class='ocrx_word' id='word_1_56' title='bbox 476 1051 595 1134; x_wconf 87' lang='lat' dir='ltr'>posset3</span> <span class='ocrx_word' id='word_1_57' title='bbox 618 1053 663 1114; x_wconf 92' lang='lat' dir='ltr'>M.</span> <span class='ocrx_word' id='word_1_58' title='bbox 686 1073 782 1116; x_wconf 85' lang='lat' dir='ltr'>autem</span> 
     </span>
    </p>

    <p class='ocr_par' dir='ltr' id='par_1_5' title="bbox 104 1129 783 1216">
     <span class='ocr_line' id='line_1_11' title="bbox 104 1129 783 1216; baseline 0.003 -22"><span class='ocrx_word' id='word_1_59' title='bbox 104 1129 181 1196; x_wconf 85' lang='lat' dir='ltr'>Cato</span> <span class='ocrx_word' id='word_1_60' title='bbox 200 1133 384 1192; x_wconf 87' lang='lat' dir='ltr'>moriendum</span> <span class='ocrx_word' id='word_1_61' title='bbox 403 1133 490 1208; x_wconf 73' lang='lat' dir='ltr'>ante,</span> <span class='ocrx_word' id='word_1_62' title='bbox 507 1134 593 1216; x_wconf 68' lang='lat' dir='ltr'>quim</span> <span class='ocrx_word' id='word_1_63' title='bbox 609 1135 696 1194; x_wconf 89' lang='lat' dir='ltr'>ullam</span> <span class='ocrx_word' id='word_1_64' title='bbox 713 1158 783 1196; x_wconf 87' lang='lat' dir='ltr'>con·</span> 
     </span>
    </p>

    <p class='ocr_par' dir='ltr' id='par_1_6' title="bbox 103 1213 780 1298">
     <span class='ocr_line' id='line_1_12' title="bbox 103 1213 780 1298; baseline 0.007 -26"><span class='ocrx_word' id='word_1_65' title='bbox 103 1213 247 1272; x_wconf 82' lang='lat' dir='ltr'>ditionem</span> <span class='ocrx_word' id='word_1_66' title='bbox 271 1215 342 1273; x_wconf 92' lang='lat' dir='ltr'>civis</span> <span class='ocrx_word' id='word_1_67' title='bbox 368 1215 564 1295; x_wconf 89' lang='lat' dir='ltr'>accipiendam</span> <span class='ocrx_word' id='word_1_68' title='bbox 588 1215 780 1298; x_wconf 69' lang='lat' dir='ltr'>reipublice,-</span> 
     </span>
    </p>

    <p class='ocr_par' dir='ltr' id='par_1_7' title="bbox 103 1291 785 1378">
     <span class='ocr_line' id='line_1_13' title="bbox 103 1291 785 1378; baseline 0.004 -25"><span class='ocrx_word' id='word_1_69' title='bbox 103 1291 312 1353; x_wconf 92' lang='lat' dir='ltr'>contenderet:</span> <span class='ocrx_word' id='word_1_70' title='bbox 326 1295 371 1354; x_wconf 91' lang='lat' dir='ltr'>vir</span> <span class='ocrx_word' id='word_1_71' title='bbox 387 1299 517 1376; x_wconf 87' lang='lat' dir='ltr'>antiquus</span> <span class='ocrx_word' id='word_1_72' title='bbox 536 1297 568 1356; x_wconf 91' lang='lat'>&amp;</span> <span class='ocrx_word' id='word_1_73' title='bbox 585 1299 678 1378; x_wconf 87' lang='lat' dir='ltr'>gravis</span> <span class='ocrx_word' id='word_1_74' title='bbox 696 1296 785 1359; x_wconf 76' lang='lat' dir='ltr'>Pom</span> 
     </span>
    </p>

    <p class='ocr_par' dir='ltr' id='par_1_8' title="bbox 101 1371 781 1458">
     <span class='ocr_line' id='line_1_14' title="bbox 101 1371 781 1458; baseline 0.009 -24"><span class='ocrx_word' id='word_1_75' title='bbox 101 1371 165 1456; x_wconf 75' lang='lat' dir='ltr'>peii&#39;</span> <span class='ocrx_word' id='word_1_76' title='bbox 185 1391 281 1455; x_wconf 89' lang='lat' dir='ltr'>partes</span> <span class='ocrx_word' id='word_1_77' title='bbox 302 1373 430 1435; x_wconf 86' lang='lat' dir='ltr'>laudaret</span> <span class='ocrx_word' id='word_1_78' title='bbox 453 1397 501 1435; x_wconf 90' lang='lat' dir='ltr'>ma</span> <span class='ocrx_word' id='word_1_79' title='bbox 522 1377 567 1450; x_wconf 89' lang='lat' dir='ltr'>is,</span> <span class='ocrx_word' id='word_1_80' title='bbox 590 1377 716 1458; x_wconf 89' lang='lat' dir='ltr'>prudens</span> <span class='ocrx_word' id='word_1_81' title='bbox 739 1377 781 1440; x_wconf 89' lang='lat' dir='ltr'>se.-</span> 
     </span>
    </p>

    <p class='ocr_par' dir='ltr' id='par_1_9' title="bbox 35 1397 780 1540">
     <span class='ocr_line' id='line_1_15' title="bbox 35 1397 780 1540; baseline 0.011 -29"><span class='ocrx_word' id='word_1_82' title='bbox 35 1519 37 1522; x_wconf 27' lang='lat'>.</span> <span class='ocrx_word' id='word_1_83' title='bbox 102 1471 242 1536; x_wconf 82' lang='lat' dir='ltr'>queretur</span> <span class='ocrx_word' id='word_1_84' title='bbox 264 1451 381 1515; x_wconf 78' lang='lat' dir='ltr'>Caesaris</span> <span class='ocrx_word' id='word_1_85' title='bbox 400 1477 416 1530; x_wconf 88' lang='lat'>;.</span> <span class='ocrx_word' id='word_1_86' title='bbox 430 1457 462 1516; x_wconf 90' lang='lat'>&amp;</span> <span class='ocrx_word' id='word_1_87' title='bbox 481 1397 528 1516; x_wconf 70' lang='lat' dir='ltr'>ilsa</span> <span class='ocrx_word' id='word_1_88' title='bbox 551 1456 700 1540; x_wconf 83' lang='lat' dir='ltr'>gloriosa,</span> <span class='ocrx_word' id='word_1_89' title='bbox 718 1459 780 1520; x_wconf 75' lang='lat' dir='ltr'>haec</span> 
     </span>
    </p>

    <p class='ocr_par' dir='ltr' id='par_1_10' title="bbox 101 1534 781 1621">
     <span class='ocr_line' id='line_1_16' title="bbox 101 1534 781 1621; baseline 0.01 -27"><span class='ocrx_word' id='word_1_90' title='bbox 101 1534 277 1596; x_wconf 83' lang='lat' dir='ltr'>terribiliora</span> <span class='ocrx_word' id='word_1_91' title='bbox 300 1535 425 1596; x_wconf 87' lang='lat' dir='ltr'>duceret.</span> <span class='ocrx_word' id='word_1_92' title='bbox 452 1535 495 1598; x_wconf 91' lang='lat' dir='ltr'>Ut</span> <span class='ocrx_word' id='word_1_93' title='bbox 518 1537 652 1613; x_wconf 90' lang='lat' dir='ltr'>deinde,</span> <span class='ocrx_word' id='word_1_94' title='bbox 680 1539 781 1621; x_wconf 87' lang='lat' dir='ltr'>spretis</span> 
     </span>
    </p>

    <p class='ocr_par' dir='ltr' id='par_1_11' title="bbox 100 1615 782 1698">
     <span class='ocr_line' id='line_1_17' title="bbox 100 1615 782 1698; baseline 0.007 -22"><span class='ocrx_word' id='word_1_95' title='bbox 100 1615 238 1676; x_wconf 91' lang='lat' dir='ltr'>omnibus</span> <span class='ocrx_word' id='word_1_96' title='bbox 262 1636 325 1697; x_wconf 83' lang='lat' dir='ltr'>quae</span> <span class='ocrx_word' id='word_1_97' title='bbox 349 1615 445 1677; x_wconf 82' lang='lat' dir='ltr'>Caesar</span> <span class='ocrx_word' id='word_1_98' title='bbox 471 1616 693 1698; x_wconf 82' lang='lat' dir='ltr'>postulaverat,</span> <span class='ocrx_word' id='word_1_99' title='bbox 717 1639 782 1680; x_wconf 90' lang='lat' dir='ltr'>tan·</span> 
     </span>
    </p>

    <p class='ocr_par' dir='ltr' id='par_1_12' title="bbox 99 1696 783 1781">
     <span class='ocr_line' id='line_1_18' title="bbox 99 1696 783 1781; baseline 0.007 -25"><span class='ocrx_word' id='word_1_100' title='bbox 99 1696 255 1758; x_wconf 85' lang='lat' dir='ltr'>tummodo</span> <span class='ocrx_word' id='word_1_101' title='bbox 274 1715 426 1774; x_wconf 87' lang='lat' dir='ltr'>contentus</span> <span class='ocrx_word' id='word_1_102' title='bbox 447 1718 513 1757; x_wconf 91' lang='lat' dir='ltr'>cum</span> <span class='ocrx_word' id='word_1_103' title='bbox 532 1720 588 1758; x_wconf 86' lang='lat' dir='ltr'>una</span> <span class='ocrx_word' id='word_1_104' title='bbox 610 1701 724 1781; x_wconf 84' lang='lat' dir='ltr'>legione</span> <span class='ocrx_word' id='word_1_105' title='bbox 745 1703 783 1762; x_wconf 83' lang='lat' dir='ltr'>ri-</span> 
     </span>
    </p>

    <p class='ocr_par' dir='ltr' id='par_1_13' title="bbox 96 1778 822 2420">
     <span class='ocr_line' id='line_1_19' title="bbox 98 1778 807 1860; baseline 0.004 -24"><span class='ocrx_word' id='word_1_106' title='bbox 98 1778 195 1836; x_wconf 87' lang='lat' dir='ltr'>tulum</span> <span class='ocrx_word' id='word_1_107' title='bbox 211 1780 333 1837; x_wconf 88' lang='lat' dir='ltr'>retinere</span> <span class='ocrx_word' id='word_1_108' title='bbox 349 1779 526 1858; x_wconf 82' lang='lat' dir='ltr'>provinciae‚</span> <span class='ocrx_word' id='word_1_109' title='bbox 541 1781 668 1860; x_wconf 87' lang='lat' dir='ltr'>privatus</span> <span class='ocrx_word' id='word_1_110' title='bbox 682 1782 710 1840; x_wconf 91' lang='lat' dir='ltr'>in</span> <span class='ocrx_word' id='word_1_111' title='bbox 723 1781 781 1841; x_wconf 88' lang='lat' dir='ltr'>Ur·</span> <span class='ocrx_word' id='word_1_112' title='bbox 804 1803 807 1808; x_wconf 91' lang='lat'>·</span> 
     </span>
     <span class='ocr_line' id='line_1_20' title="bbox 98 1857 822 1936; baseline 0.011 -20"><span class='ocrx_word' id='word_1_113' title='bbox 98 1859 173 1917; x_wconf 87' lang='lat' dir='ltr'>bem</span> <span class='ocrx_word' id='word_1_114' title='bbox 190 1858 325 1929; x_wconf 88' lang='lat' dir='ltr'>veniret,</span> <span class='ocrx_word' id='word_1_115' title='bbox 344 1857 423 1917; x_wconf 91' lang='lat' dir='ltr'>&amp;se</span> <span class='ocrx_word' id='word_1_116' title='bbox 442 1859 630 1936; x_wconf 88' lang='lat' dir='ltr'>inpetitione</span> <span class='ocrx_word' id='word_1_117' title='bbox 654 1859 783 1924; x_wconf 78' lang='lat' dir='ltr'>consula·</span> <span class='ocrx_word' id='word_1_118' title='bbox 819 1873 822 1880; x_wconf 89' lang='lat'>&#39;</span> 
     </span>
     <span class='ocr_line' id='line_1_21' title="bbox 98 1933 781 2020; baseline 0.004 -22"><span class='ocrx_word' id='word_1_119' title='bbox 98 1938 146 1998; x_wconf 77' lang='lat' dir='ltr'>tiis</span> <span class='ocrx_word' id='word_1_120' title='bbox 163 1933 300 2020; x_wconf 83' lang='lat' dir='ltr'>suffragiis</span> <span class='ocrx_word' id='word_1_121' title='bbox 312 1937 414 2018; x_wconf 86' lang='lat' dir='ltr'>populi</span> <span class='ocrx_word' id='word_1_122' title='bbox 427 1936 551 1998; x_wconf 86' lang='lat' dir='ltr'>Romani</span> <span class='ocrx_word' id='word_1_123' title='bbox 566 1941 781 2014; x_wconf 88' lang='lat' dir='ltr'>committeret,</span> 
     </span>
     <span class='ocr_line' id='line_1_22' title="bbox 98 2018 783 2084; baseline 0.009 -6"><span class='ocrx_word' id='word_1_124' title='bbox 98 2019 261 2079; x_wconf 88' lang='lat' dir='ltr'>decrevere</span> <span class='ocrx_word' id='word_1_125' title='bbox 284 2038 291 2076; x_wconf 82' lang='lat' dir='ltr'>t</span> <span class='ocrx_word' id='word_1_126' title='bbox 312 2033 386 2076; x_wconf 91' lang='lat' dir='ltr'>ratus</span> <span class='ocrx_word' id='word_1_127' title='bbox 406 2018 573 2078; x_wconf 91' lang='lat' dir='ltr'>bellandum</span> <span class='ocrx_word' id='word_1_128' title='bbox 596 2018 691 2082; x_wconf 85' lang='lat' dir='ltr'>Caesar</span> <span class='ocrx_word' id='word_1_129' title='bbox 715 2043 783 2084; x_wconf 83' lang='lat' dir='ltr'>cum</span> 
     </span>
     <span class='ocr_line' id='line_1_23' title="bbox 98 2086 783 2166; baseline 0.01 -7"><span class='ocrx_word' id='word_1_130' title='bbox 98 2086 421 2159; x_wconf 75' lang='lat' dir='ltr'>exercituliubiconem</span> <span class='ocrx_word' id='word_1_131' title='bbox 445 2101 555 2161; x_wconf 87' lang='lat' dir='ltr'>transiit</span> <span class='ocrx_word' id='word_1_132' title='bbox 579 2123 587 2162; x_wconf 73' lang='grc' dir='ltr'>ι</span> <span class='ocrx_word' id='word_1_133' title='bbox 614 2099 670 2163; x_wconf 90' lang='lat' dir='ltr'>Cn.</span> <span class='ocrx_word' id='word_1_134' title='bbox 693 2101 783 2166; x_wconf 72' lang='lat' dir='ltr'>Pom»</span> 
     </span>
     <span class='ocr_line' id='line_1_24' title="bbox 96 2177 783 2262; baseline 0.006 -22"><span class='ocrx_word' id='word_1_135' title='bbox 96 2181 182 2254; x_wconf 86' lang='lat' dir='ltr'>peius</span> <span class='ocrx_word' id='word_1_136' title='bbox 203 2177 387 2260; x_wconf 87' lang='lat' dir='ltr'>consulesque</span> <span class='ocrx_word' id='word_1_137' title='bbox 408 2181 438 2240; x_wconf 88' lang='lat'>&amp;</span> <span class='ocrx_word' id='word_1_138' title='bbox 458 2178 549 2259; x_wconf 81' lang='lat' dir='ltr'>major</span> <span class='ocrx_word' id='word_1_139' title='bbox 567 2203 633 2262; x_wconf 87' lang='lat' dir='ltr'>pars</span> <span class='ocrx_word' id='word_1_140' title='bbox 650 2181 783 2257; x_wconf 78' lang='lat' dir='ltr'>senariis,</span> 
     </span>
     <span class='ocr_line' id='line_1_25' title="bbox 96 2259 782 2332; baseline 0.01 -14"><span class='ocrx_word' id='word_1_141' title='bbox 96 2259 197 2320; x_wconf 65' lang='lat' dir='ltr'>relius</span> <span class='ocrx_word' id='word_1_142' title='bbox 212 2259 293 2320; x_wconf 91' lang='lat' dir='ltr'>Urbe</span> <span class='ocrx_word' id='word_1_143' title='bbox 313 2281 345 2319; x_wconf 92' lang='lat' dir='ltr'>ac</span> <span class='ocrx_word' id='word_1_144' title='bbox 364 2259 587 2332; x_wconf 74' lang='lat' dir='ltr'>deindeltalia,</span> <span class='ocrx_word' id='word_1_145' title='bbox 604 2261 782 2325; x_wconf 86' lang='lat' dir='ltr'>transmisere</span> 
     </span>
     <span class='ocr_line' id='line_1_26' title="bbox 96 2337 308 2420; baseline 0 -20"><span class='ocrx_word' id='word_1_146' title='bbox 96 2337 308 2420; x_wconf 85' lang='lat' dir='ltr'>Dyrrachium.</span> 
     </span>
    </p>

    <p class='ocr_par' dir='ltr' id='par_1_14' title="bbox 94 2418 784 2740">
     <span class='ocr_line' id='line_1_27' title="bbox 137 2418 782 2505; baseline 0.009 -25"><span class='ocrx_word' id='word_1_147' title='bbox 137 2419 172 2480; x_wconf 90' lang='lat' dir='ltr'>L.</span> <span class='ocrx_word' id='word_1_148' title='bbox 194 2419 237 2479; x_wconf 81' lang='lat' dir='ltr'>At</span> <span class='ocrx_word' id='word_1_149' title='bbox 258 2418 379 2492; x_wconf 84' lang='lat' dir='ltr'>Caesar,</span> <span class='ocrx_word' id='word_1_150' title='bbox 403 2419 541 2482; x_wconf 89' lang='lat' dir='ltr'>Domitio</span> <span class='ocrx_word' id='word_1_151' title='bbox 563 2421 782 2505; x_wconf 83' lang='lat' dir='ltr'>legionibusque</span> 
     </span>
     <span class='ocr_line' id='line_1_28' title="bbox 95 2497 784 2586; baseline 0.003 -24"><span class='ocrx_word' id='word_1_152' title='bbox 95 2497 247 2571; x_wconf 84' lang='lat' dir='ltr'>Corfinii,</span> <span class='ocrx_word' id='word_1_153' title='bbox 265 2522 328 2582; x_wconf 83' lang='lat' dir='ltr'>quae</span> <span class='ocrx_word' id='word_1_154' title='bbox 348 2499 405 2560; x_wconf 68' lang='lat' dir='ltr'>und</span> <span class='ocrx_word' id='word_1_155' title='bbox 431 2523 499 2562; x_wconf 90' lang='lat' dir='ltr'>cum</span> <span class='ocrx_word' id='word_1_156' title='bbox 518 2523 554 2562; x_wconf 93' lang='lat' dir='ltr'>eo</span> <span class='ocrx_word' id='word_1_157' title='bbox 577 2502 688 2563; x_wconf 84' lang='lat' dir='ltr'>fuerant</span> <span class='ocrx_word' id='word_1_158' title='bbox 698 2548 709 2576; x_wconf 93' lang='lat'><em>,</em></span> <span class='ocrx_word' id='word_1_159' title='bbox 726 2526 784 2586; x_wconf 92' lang='lat' dir='ltr'>po·</span> 
     </span>
     <span class='ocr_line' id='line_1_29' title="bbox 94 2578 784 2664; baseline 0.007 -24"><span class='ocrx_word' id='word_1_160' title='bbox 94 2583 189 2653; x_wconf 89' lang='lat' dir='ltr'>titus,</span> <span class='ocrx_word' id='word_1_161' title='bbox 210 2580 282 2640; x_wconf 92' lang='lat' dir='ltr'>duce</span> <span class='ocrx_word' id='word_1_162' title='bbox 302 2578 440 2663; x_wconf 84' lang='lat' dir='ltr'>aliisque,</span> <span class='ocrx_word' id='word_1_163' title='bbox 460 2583 510 2664; x_wconf 91' lang='lat' dir='ltr'>qui</span> <span class='ocrx_word' id='word_1_164' title='bbox 530 2583 683 2643; x_wconf 88' lang='lat' dir='ltr'>voluerant</span> <span class='ocrx_word' id='word_1_165' title='bbox 704 2587 784 2646; x_wconf 87' lang='lat' dir='ltr'>abire</span> 
     </span>
     <span class='ocr_line' id='line_1_30' title="bbox 95 2659 784 2740; baseline 0.006 -19"><span class='ocrx_word' id='word_1_166' title='bbox 95 2661 134 2721; x_wconf 92' lang='lat' dir='ltr'>ad</span> <span class='ocrx_word' id='word_1_167' title='bbox 160 2659 363 2740; x_wconf 88' lang='lat' dir='ltr'>Pompeium,</span> <span class='ocrx_word' id='word_1_168' title='bbox 386 2662 452 2720; x_wconf 90' lang='lat' dir='ltr'>sine</span> <span class='ocrx_word' id='word_1_169' title='bbox 476 2661 611 2724; x_wconf 85' lang='lat' dir='ltr'>dilatione</span> <span class='ocrx_word' id='word_1_170' title='bbox 635 2663 784 2738; x_wconf 88' lang='lat' dir='ltr'>dimissis,</span> 
     </span>
    </p>
   </div>
   <div class='ocr_carea' id='block_1_3' title="bbox 94 2741 786 2886">
    <p class='ocr_par' dir='ltr' id='par_1_15' title="bbox 94 2741 786 2886">
     <span class='ocr_line' id='line_1_31' title="bbox 94 2741 786 2884; baseline 0.007 -81"><span class='ocrx_word' id='word_1_171' title='bbox 94 2741 262 2825; x_wconf 86' lang='lat' dir='ltr'>persecutus</span> <span class='ocrx_word' id='word_1_172' title='bbox 286 2741 473 2804; x_wconf 87' lang='lat' dir='ltr'>Brundisium</span> <span class='ocrx_word' id='word_1_173' title='bbox 492 2787 502 2819; x_wconf 91' lang='lat'><strong>,</strong></span> <span class='ocrx_word' id='word_1_174' title='bbox 519 2746 556 2806; x_wconf 88' lang='lat' dir='ltr'>ita</span> <span class='ocrx_word' id='word_1_175' title='bbox 579 2761 786 2884; x_wconf 82' lang='lat' dir='ltr'>utDappareret</span> 
     </span>
     <span class='ocr_line' id='line_1_32' title="bbox 661 2846 682 2886; baseline 0 0"><span class='ocrx_word' id='word_1_176' title='bbox 661 2846 682 2886; x_wconf 87' lang='lat' dir='ltr'><strong>v</strong></span> 
     </span>
    </p>
   </div>
   <div class='ocr_carea' id='block_1_4' title="bbox 0 0 1014 3618">
    <p class='ocr_par' dir='ltr' id='par_1_16' title="bbox 0 0 1014 3618">
     <span class='ocr_line' id='line_1_33' title="bbox 0 0 1014 3618; baseline 0 3"><span class='ocrx_word' id='word_1_177' title='bbox 0 0 1014 3618; x_wconf 95' lang='lat' dir='ltr'> </span> 
     </span>
    </p>
   </div>
  </div>
 </body>
</html>
