2020 3618
236 295 302 392 158
354 295 389 365 C.
418 297 543 364 Veri.
570 295 760 366 Paene.

228 417 329 487 initia,
351 413 493 497 Pompeio
512 411 697 495 Apuleioque
720 411 911 490 consulibusJ
1007 461 1008 464 ,

229 495 326 576 septua
345 497 435 556 esimo
456 494 534 554 sexto
550 513 644 565 anno,
661 495 787 556 animam
806 496 913 558 coeles·

228 593 289 638 tem
310 516 397 636 §goeio
418 573 552 636 reddidit.
972 575 974 581 '

270 655 428 718 CXXIV.
456 653 540 732 Quid
560 673 629 718 tunc
650 654 782 717 homines
803 657 912 718 timue·

225 737 302 810 rint,
315 757 379 815 quae
396 735 507 796 senarius
526 737 701 820 trepidatio,
720 756 785 818 quae
804 739 911 819 popuii

226 815 391 890 confusio,
415 818 479 899 quis
505 817 582 878 orbis
613 835 734 892 metus,
760 819 792 880 in
859 817 911 880 im

224 896 302 958 arcio
324 896 418 958 salutis
438 899 576 979 exitiique
597 895 734 960 fuerimus
753 918 810 960 con
834 901 909 975 nio,

224 997 320 1060 neque
340 979 410 1038 mihi
431 995 490 1038 tam
510 977 653 1040 festinanti
671 997 687 1040 e
727 979 833 1040 rimere
853 1001 911 1040 va-

223 1077 294 1132 cat,
312 1079 427 1140 neque,
445 1062 492 1120 cui
509 1075 611 1130 vacat,
630 1076 701 1141 pote
727 1103 735 1120 .
756 1057 792 1120 ld
810 1058 910 1122 solum

223 1159 301 1202 voce
322 1139 436 1222 publici
457 1139 554 1200 dixiffe
576 1139 671 1202 habeo
691 1162 699 1202 ε
719 1136 802 1219 cujus
826 1140 909 1204 orbis

222 1225 335 1281 ruinam
354 1223 560 1294 timueramus,
580 1241 648 1282 eum
665 1241 702 1282 ne
721 1238 909 1284 commotum

223 1301 344 1382 quidem
372 1301 510 1362 sensimus
531 1323 541 1377 ;
566 1319 716 1384 tantaque¹
735 1302 818 1364 unius
847 1303 907 1363 viri
1007 1335 1008 1338 ¹

222 1380 356 1462 majestas
372 1381 446 1454 firir,
463 1400 495 1443 ut
513 1403 568 1442 nec
587 1383 696 1453 bonis,
715 1401 811 1463 neque
829 1403 908 1442 con·

221 1479 264 1521 tra
288 1461 380 1522 malos
404 1483 478 1542 opus
501 1465 586 1523 armis
608 1461 693 1524 foret.
714 1460 782 1524 Una
804 1479 907 1524 tamen

220 1542 313 1602 veluti
341 1540 459 1602 iudario
490 1543 612 1604 divitatis
639 1541 723 1614 fuit,
770 1546 907 1624 ugnanris

221 1639 290 1682 cunr
307 1621 420 1685 Caesare
440 1620 551 1684 senariis
571 1622 731 1704 populique
783 1626 906 1698 omani,
1007 1697 1008 1706 χ

220 1722 253 1764 ut
271 1703 384 1765 stationi
395 1705 529 1786 'paternae
545 1700 711 1766 succederet
726 1725 737 1778 ;
756 1703 853 1779 illius,
871 1725 906 1767 ur

218 1788 317 1925 potius
334 1785 474 1868 aqualem
492 1786 606 1859 civem,
620 1783 706 1868 quim
722 1786 904 1847 eminentem

230 1867 320 1928 iceret
346 1885 432 1948 agere
453 1866 614 1948 principem
639 1890 647 1928 ι
671 1865 789 1928 tandem
810 1868 904 1948 magis

218 1950 330 2007 ratione
356 1945 443 2030 quim
468 1947 581 2008 honore
604 1945 695 2010 vidus
717 1944 786 2022 est,
810 1967 903 2030 quum

217 2027 361 2108 quidquid
381 2045 450 2086 tuen
492 2049 521 2088 tn
542 2049 602 2088 non
620 2025 803 2110 suscepiiiet‚
824 2029 903 2108 peri·
937 2060 940 2072 ·

217 2121 315 2164 turum
339 2107 485 2179 uideret,
512 2106 622 2190 solique
651 2109 717 2170 huic
746 2110 825 2170 conti
847 2110 903 2184 'r,·

215 2203 293 2267 pene
305 2185 408 2246 diutius
423 2183 552 2248 recusare
564 2190 777 2272 principatum,
790 2129 900 2271 quffm,

215 2283 249 2326 ut
269 2287 444 2350 occuparent
463 2288 554 2344 eum,
577 2270 623 2332 aiii
645 2273 731 2332 armis
750 2287 901 2352 pugnare·

214 2365 289 2408 rant.
306 2347 386 2423 3Post
413 2349 560 2412 redditum
585 2347 674 2416 Coelo
700 2367 838 2432 patrem,
865 2353 900 2416 δι

213 2445 322 2510 corpus
342 2427 404 2509 ejus
422 2430 553 2492 humanis
574 2431 762 2506 honoribus,
786 2451 901 2494 nomeu

212 2507 320 2570 divinis
339 2511 537 2586 honoratum,
554 2515 678 2594 primurn
696 2513 900 2595 principalium

213 2585 278 2668 ejus
299 2612 423 2672 opetum
442 2591 496 2654 fuir
517 2593 663 2656 ordinatio
683 2596 872 2656 comitiorum
883 2614 896 2670 ;

212 2687 299 2749 quarn
316 2691 404 2732 manu
424 2671 474 2734 sud
489 2673 624 2755 scriptam
635 2673 734 2738 Divus
747 2672 898 2757 Augustus

210 2750 380 2832 reliquerat*
400 2751 477 2835 Quo'
500 2771 636 2838 tempore
661 2757 733 2822 mihi
753 2754 896 2839 fratrique
