2014 3620
231 240 284 338 36·
352 237 387 310 C.
416 242 547 308 Vm.
572 238 795 307 Putat.-

230 378 266 421 utv
277 357 389 419 senator
404 354 583 439 agnoscitur:
597 354 672 414 adeo
689 352 828 415 maturet
842 363 909 416 τεεί

229 443 267 501 tis
282 443 313 500 in
328 440 420 508 vitia,
438 458 454 496 a
472 437 549 497 vitiis
566 437 604 494 in.
635 456 752 508 rava,a
766 437 865 516 pravis
874 438 912 495 in

212 521 387 604 -praecipitia
402 519 580 596 pervenitur.
597 459 711 576 Eiidem
725 514 814 576 rrattu
830 533 911 576 tem-⁴

230 621 337 684 porum
354 601 386 660 δι
404 597 529 658 Domitii
546 617 582 656 ex
597 595 740 657 Arvernis
753 595 811 668 ,81
827 595 918 656 Fabii.

230 699 268 742 ex
285 677 493 760 Allobrogibus
512 675 632 737 viflotia
649 675 702 736 suit
720 676 835 737 nobilis.
855 676 911 736 Fa·

230 762 304 833 bio,
320 759 408 818 Paulli
419 760 540 838 nepoti,
555 778 592 818 ex
606 755 727 818 vidioria
742 776 918 838 cognomen.

230 839 423 922 Allobrogico
439 838 570 898 inditum.
581 837 709 898 Noterur
717 835 860 898 Domitiae
868 835 911 896 fa·

229 921 315 983 miliae
348 920 477 980 eculiaris
487 919 618 1001 quaedam
628 963 638 992 ‚
649 919 681 979 δι
691 935 722 978 ut
733 918 910 990 clarissima,

229 1005 271 1063 ita
288 943 391 1061 ardara
406 1021 527 1060 numero
542 998 671 1060 felicitas.
689 997 825 1076 Quatuor
840 1014 913 1062 ante

230 1084 328 1156 hunc,
342 1081 528 1142 nobilissimae
547 1078 732 1160 simplicitatis
748 1077 911 1158 juvenem,

231 1161 291 1227 Cn.
306 1162 491 1232 Domitium,
505 1158 586 1220 luere
599 1159 846 1242 singulis'omnino
859 1180 911 1239 pa·

232 1244 359 1311 rentibus
373 1244 478 1324 geniti,
491 1238 540 1300 sed
556 1261 656 1300 ornnes
667 1240 703 1300 ad
717 1237 894 1300 consulatum
900 1281 915 1312 ‚,

230 1322 474 1403 sacerdotioque,
496 1321 532 1379 ad
555 1321 692 1402 triumphi
715 1337 811 1380 autem
833 1340 914 1402 pene

232 1422 335 1464 omnes
375 1417 548 1463 ervenerunt
566 1403 712 1483 insigniam

272 1481 329 1544 XI.
348 1424 461 1542 delium
473 1481 577 1542 deinde
588 1481 787 1564 Iugurthinum
797 1479 912 1563 gestum

232 1562 276 1624 est
293 1585 345 1646 per
362 1561 405 1642 Q
419 1561 592 1636 Metellum,
610 1562 679 1622 nulli
695 1561 850 1622 secundum
867 1561 912 1622 se·

232 1643 363 1704 culi-sui.
385 1641 479 1724 Hujus
505 1644 615 1724 legatus
643 1641 697 1702 suit
720 1640 755 1704 G
777 1641 912 1714 Marius,

234 1742 321 1806 quern
340 1723 547 1804 praediximus‚
571 1737 651 1783 natus
675 1722 798 1804 equestri
821 1724 914 1798 loco,

233 1805 334 1881 hrrttts¹
347 1821 432 1944 atque
453 1804 611 1876 horridus,
634 1804 751 1886 virique
776 1802 914 1877 sanlius,

232 1899 370 1968 quantum
404 1884 460 1944 ello
477 1886 620 1964 optimus,
634 1901 745 1944 tantum
752 1893 838 2022 pace*
849 1884 915 1966 pes-

231 1970 348 2038 simut,
371 1964 544 2024 immodicus
568 1965 695 2046 gloriae,
721 1967 751 2023 in
761 1963 914 2038 atiabilis,

230 2049 273 2108 im
295 2063 399 2117 otens,
415 2043 585 2125 semperque
603 2046 632 2103 in
655 2047 772 2104 uictus:
794 2045 844 2104 hic·
861 2066 917 2128 per

230 2067 419 2210 publicanos,
429 2124 555 2206 aliosque
567 2127 597 2184 in
609 2127 637 2184 A
665 2128 708 2184 'ca
715 2129 895 2208 negotiantes
903 2171 917 2200 ,

230 2207 395 2266 criminatus
409 2205 521 2265 Metelli
540 2206 757 2278 lentitudinem,
773 2206 917 2267 trahentis

230 2284 291 2366 jam
299 2289 330 2346 in
339 2288 455 2347 tertium
465 2283 571 2346 atinum
580 2287 916 2356 bellum,&naturalem

166 2383 173 2387 ·
229 2369 388 2428 nobilitatis
404 2367 586 2448 superbiam,
604 2368 794 2448 morandique
809 2370 841 2426 in
861 2369 917 2432 irnss

233 2449 320 2528 petiis
335 2447 531 2526 cupiditatem,
543 2446 714 2522 effecit,ut,
725 2469 815 2528 quum
830 2455 917 2508 co'm·

231 2527 329 2587 meatu
358 2530 448 2606 petito
479 2526 604 2587 Romam
632 2526 782 2600 venisset,
812 2529 920 2589 consul

232 2621 393 2679 crearetur,
406 2607 531 2687 bellique
543 2629 618 2690 pene
626 2611 728 2690 patrati
739 2631 755 2667 a
766 2608 917 2684 Metello,

205 2725 210 2741 c
230 2690 285 2772 =qui.
303 2688 346 2752 bis
368 2686 543 2769 iugurthatn.
560 2691 620 2753 acie
643 2690 755 2752 suderat
767 2733 779 2763 ,
800 2688 918 2752 summa
