2014 3620
234 305 282 396 64
356 305 393 374 C.
422 307 549 375 Vm.
576 292 774 374 PArauc.

232 423 368 486 altissime
387 423 568 482 illuminavit.
590 422 647 482 Hic
665 425 775 505 genitus
815 439 911 484 toavo

234 505 279 566 M.
292 503 426 575 Catone,
443 505 571 586 principe
586 504 636 563 illo
651 501 765 564 familiae
778 441 910 577 Pldrciae,

234 587 324 646 horno
339 585 439 644 virtuti
455 584 634 658 simillimus,
648 585 680 645 &
692 605 744 664 per
755 584 855 644 omnia
865 585 909 644 in·
972 653 976 660 Δ

234 668 320 747 genio
336 663 402 725 Diis
417 663 502 745 quim
519 664 682 724 hominibus
699 666 819 746 propior
833 684 844 737 ;
859 667 917 747 qui²

234 765 391 826 numquam
405 743 479 804 recte
491 743 578 819 fecit,
594 762 625 804 ut
636 744 729 806 facere
743 745 915 818 videretur,-

234 823 284 885 sed
320 827 365 885 uia
381 825 462 885 aliter
474 823 567 886 facere
583 847 643 886 non
658 842 792 907 poterat,
804 827 910 906 cuique

234 906 267 966 'td
279 847 369 967 solum
379 904 473 966 visum
483 904 525 967 est
537 908 675 966 rationem
690 906 795 966 habere
806 949 816 979 ,
829 905 909 988 quod

233 985 355 1048 haberet
367 983 522 1067 justitiam
537 987 670 1048 omnibus
683 988 813 1047 humanis
832 988 915 1048 vitiis*

235 1069 395 1143 immunis,
412 1066 523 1148 semper
540 1067 684 1131 fortunam
704 1070 733 1127 in
751 1065 799 1127 sua
816 1066 915 1148 potes·'

236 1163 294 1210 tate
313 1149 420 1210 habuit.
442 1148 499 1209 Hic
518 1150 645 1209 tribunus
666 1148 757 1230 plebis
778 1147 911 1230 designa·
969 1163 972 1168 '

237 1239 305 1300 tus,
323 1229 416 1288 adhuc
437 1229 594 1288 admodum
613 1228 799 1302 adolescens,
822 1249 910 1308 quum

236 1309 284 1368 alii
303 1307 470 1380 suaderent,
487 1327 518 1368 ut
557 1329 588 1368 er
602 1311 756 1391 municipia
771 1309 912 1368 Lentulus

237 1386 435 1470 coniuratique
450 1331 675 1462 custodirentur,
691 1410 767 1472 pene
783 1389 857 1450 inter
870 1391 913 1451 ul·
995 1415 996 1424 ¹

237 1471 325 1528 timos
349 1471 539 1551 interrogatus
562 1467 756 1543 sententiam,
784 1469 861 1530 tanti
881 1471 911 1529 vi

238 1551 324 1609 animi
342 1567 426 1632 atque
443 1551 550 1631 ingenii
565 1549 693 1611 invectus
709 1549 750 1611 est
766 1553 795 1610 in
813 1549 917 1630 conju·¹

238 1631 401 1702 rationem,
420 1646 452 1689 ut
470 1629 573 1690 ardore
593 1634 650 1690 oris
669 1634 829 1692 orationem
847 1653 913 1691 om-

240 1713 331 1782 nium,
341 1711 489 1771 lenitatem
500 1708 688 1785 suadentium,
700 1711 834 1773 societate
844 1733 915 1774 con-

239 1791 295 1851 silii
312 1789 466 1872 suspedlam
479 1788 598 1852 fecerit:
612 1794 652 1852 sic
670 1793 865 1874 impendentia
876 1814 917 1853 ex

239 1873 327 1932 ruinis
338 1870 532 1953 incendiisque
544 1871 651 1947 Urbis,
668 1875 699 1936 &
711 1876 915 1942 commutatio-

238 1973 276 2014 ne
302 1951 386 2012 statirs
411 1952 517 2032 publici
540 1955 666 2034 pericula
690 1951 849 2036 exposuit,
874 1957 919 2014 ita'

240 2031 362 2092 consulis
377 2033 514 2091 virtutem
532 2053 577 2091 am
599 2031 735 2108 lificavit,
750 2053 781 2096 ut
799 2038 918 2096 univer-

240 2111 285 2171 sus
306 2110 417 2171 senatus
441 2113 471 2169 in
494 2109 556 2191 ejus
577 2056 741 2178 sententiam
760 2117 916 2188 transiret,

240 2191 583 2274 animadvertendumque
603 2197 633 2253 in
655 2217 728 2271 eos,
746 2217 819 2278 quos
841 2219 918 2278 prae-

240 2273 380 2346 diximus,
397 2271 524 2333 censeret
536 2295 545 2346 ;
561 2273 710 2359 majorque
724 2299 788 2358 pars
805 2277 919 2339 ordinis

242 2349 304 2430 ejus
316 2349 714 2437 Catonemprosequerentur
730 2359 860 2418 domum.
876 2360 921 2420 At

241 2431 364 2493 Catilina
376 2455 435 2494 non
450 2433 559 2516 segnius
571 2455 641 2496 vota
652 2439 742 2510 obiit,
755 2437 842 2520 quim
856 2437 920 2500 sce·

241 2513 308 2572 letis
324 2515 446 2574 conandi
462 2516 580 2576 consilia
593 2519 695 2578 inierat
710 2541 717 2580 ε
735 2521 844 2658 quippe
856 2519 921 2581 sor-⁴

787 2617 805 2658 u

242 2593 350 2652 tissime
365 2594 520 2667 dimicans,
535 2619 622 2678 quem
634 2597 760 2680 spiritum

242 2671 401 2748 debuerat,
420 2677 524 2755 proelio
543 2679 677 2740 reddidit.

282 2751 650 2824 XXXV1.·Consulatui
680 2755 833 2823 Ciceronis
857 2783 925 2827 non

806 2600 921 2682 pplicio
