2020 3618
244 317 313 396 106
372 317 407 388 C.
435 315 795 389 Vara-Parare.

236 453 343 523 praeter
354 455 459 519 corpus
471 453 592 518 gerent,
609 431 705 493 omnia
718 435 802 493 armis
812 434 919 496 trumui-

236 531 328 602 tuque
344 516 489 578 miscebat.
500 514 572 575 Haec
582 514 653 573 belli
666 513 763 574 sedem
774 513 919 578 Praeneste

238 615 356 743 geppan
370 597 541 738 :azoton-inp¹
542 641 552 671 ,
557 593 657 735 pulsus
658 594 795 735 tppditpue
796 596 917 739 pvliriippl:

269 699 380 750 aearra,
419 697 510 738 crusta
570 695 657 736 econ
701 693 780 736 erar
830 697 865 736 an

151 787 153 792 ·
238 761 466 824 Antonianarum
478 755 592 836 adjutor
604 758 748 839 partium,
763 754 844 838 spem
857 777 918 820 mas

236 843 280 983 {is
296 838 459 902 ostenderat
474 837 590 907 auxilii,
606 835 693 920 quam
704 853 793 919 opem
805 836 918 902 serebat

268 923 380 984 ntonio.
402 918 477 982 Usus
501 917 597 981 cesar
615 919 723 978 virtute
745 919 779 980 δι
800 916 918 982 forrum

237 1001 287 1064 sui
305 1002 451 1065 Perusiam
468 999 644 1084 expugnavit
664 1019 674 1072 ;
692 996 856 1060 Antonium
873 1003 919 1061 in-

238 1083 378 1146 violatum
399 1083 527 1143 dimisit:
543 1084 574 1140 in
591 1078 745 1140 Perusinos
764 1099 811 1140 ma
832 1083 856 1141 is
874 1083 918 1143 iri

237 1165 363 1226 militum
384 1164 472 1246 quam
492 1161 641 1224 voluntate
664 1159 793 1220 savirum
812 1101 917 1226 {arist

237 1246 307 1306 urbs
324 1244 457 1316 incensa,
475 1241 554 1384 crpus
571 1243 685 1302 initium
697 1241 824 1302 incendii
837 1244 920 1324 prin-

237 1345 308 1407 ceps
331 1323 392 1406 ejus
417 1325 476 1384 loci

236 1403 365 1486 subjesio
375 1405 463 1466 rebua
470 1425 503 1465 ac
505 1403 663 1545 penatibus
673 1400 728 1463 suis
736 1404 813 1486 igni,
826 1419 921 1467 trans·

236 1484 328 1548 fixum
345 1485 374 1548 se
411 1487 487 1547 ladio
527 1505 627 1545 ammae
644 1482 748 1544 intulit.

514 1325 569 1385 ecit
592 1321 823 1394 Macedonicus,
844 1325 919 1406 qui,
997 1317 999 1348 ¹

276 1567 373 1630 Lxx
407 1615 415 1630 .
436 1566 490 1628 Per
507 1566 609 1627 eadem
624 1581 759 1647 tempora
774 1563 921 1628 exarserat
998 1633 999 1638 1

235 1648 266 1708 irr
283 1647 440 1730 Campania
455 1641 563 1710 bellum
573 1691 583 1721 ‚
595 1645 675 1728 quod
687 1691 696 1720 ‚
707 1643 846 1728 professus
862 1667 919 1709 eo-

236 1747 321 1805 rum,
372 1729 604 1812 iperdider'anta
638 1747 689 1802 os,
703 1729 919 1808 patrocinium,

236 1811 331 1872 ciebat
380 1808 576 1872 iucundius
628 1829 678 1868 ero
702 1810 853 1890 praetorius
882 1811 917 1872 δι

233 1892 389 1976 pontifex,
405 1890 474 1952 Tib.
494 1888 611 1951 Caesaris
629 1905 731 1970 pater,
749 1891 845 1970 magni
868 1893 919 1950 vir

234 1975 323 2032 animi
335 1972 373 2032 do
427 1973 548 2053 simique
563 1972 676 2051 ingenii.
688 1967 721 2028 Id
734 1989 851 2108 quopue
863 1971 918 2030 ad-

232 2069 327 2115 ventu·
347 2047 399 2111 Cae
412 2053 466 2110 aris
486 2049 627 2132 sepultum
651 2067 736 2131 atque
759 2049 788 2109 di
802 2048 917 2112 cussum

232 2130 286 2194 est.
297 2130 374 2210 Quis
386 2129 508 2190 fortunae
521 2132 713 2204 mutationes,
729 2132 793 2212 quis
805 2130 917 2192 dubios

231 2233 330 2274 rerum
340 2211 525 2272 humanarum
536 2210 614 2272 casus
624 2210 688 2272 satis
697 2213 793 2270 mirari
801 2214 916 2293 queat?

232 2297 297 2378 quis
316 2315 377 2354 non
397 2292 508 2354 diversa
529 2291 733 2376 praesentibus,
756 2296 918 2354 contraria·

253 2397 290 2436 ue
315 2373 482 2456 exspeiiaris
509 2391 558 2434 aut
584 2373 678 2455 speret
702 2388 750 2432 aut
773 2373 876 2434 timeat
903 2373 919 2435 i

258 2457 314 2516 ‘via
334 2457 503 2516 nobilissimi
524 2458 556 2518 &
578 2453 723 2514 fortissimi
741 2454 797 2514 viri
816 2453 916 2517 Drusi

231 2534 382 2597 Claudiani
401 2535 478 2608 filia,
492 2557 597 2618 genere
608 2544 626 2609 ,”
632 2533 794 2616 probitate,
814 2533 916 2596 forma

194 2666 196 2671 .
230 2615 427 2678 Romanarum
445 2621 686 2688 eminentissima,
704 2635 790 2696 quam
807 2615 917 2695 postea

219 2695 385 2780 conjugem
400 2696 521 2781 Augusti
539 2697 686 2769 vidimus,
708 2715 799 2838 apuam-
815 2697 915 2757 trans-

230 2779 319 2861 gressi
330 2779 366 2839 ad
382 2776 467 2840 Deos
480 2777 659 2842 sacerdotem
671 2797 704 2839 ac
737 2777 827 2853 liam,
845 2793 924 2846 tumn

996 2667 998 2732 r

996 2733 998 2820 i
