2014 3620
216 249 217 252 l
264 298 309 369 26
392 295 427 364 C.
456 297 589 365 Vnzr.
615 297 807 363 Pnrrnc.

260 417 331 512 priae
350 412 508 494 juventutis
530 413 672 485 armavit3
693 409 742 472 sed
762 411 811 472 vel
830 409 939 480 ferocii

260 496 390 576 ingenii,
414 493 463 554 vel
484 491 595 555 inscitii
614 491 778 552 nostrorum
800 493 906 554 ducum
928 537 938 566 ‚

260 575 311 635 vel
328 573 451 634 lorrunae
468 573 666 654 indulgentii,
687 593 776 653 quum
795 574 867 634 alios
886 575 938 635 du·-

212 695 218 706 ·
260 676 332 728 ces,
349 671 413 714 tum
429 653 620 734 Pompeium,
639 656 736 734 magni
755 656 880 714 nominis
896 657 940 716 vi·

259 755 348 806 rum,
367 735 404 794 ad
421 735 585 815 turpissima
603 733 722 793 deduxit
741 731 853 796 foedera
869 735 882 817 (
892 735 938 796 hic

260 817 371 897 primus
389 835 405 874 e
425 815 571 896 Pompeiis
592 811 690 874 consul
709 813 762 874 fuit
778 813 792 896 )
809 836 864 876 nec
884 818 938 876 mi·

260 897 314 956 nus
326 897 420 976 turpia
438 917 471 955 ac
487 892 660 955 detestabilia
677 893 845 956 Mancinum
862 891 938 956 Hos·

258 977 355 1036 tilium
382 974 556 1046 consulem:
575 973 625 1036 sed
647 974 820 1056 Pompeium
849 978 936 1058 gratia

259 1058 434 1140 impunitum
460 1055 580 1126 habuit,
604 1054 772 1114 Mancinum
797 1075 938 1117 verecun-

257 1138 324 1212 dia‘3
339 1141 386 1222 qui
409 1157 464 1219 pe,
477 1157 538 1198 non
549 1133 705 1196 recusando
721 1134 855 1215 perduxit
867 1136 938 1210 huc,

257 1219 294 1278 ¹ut
309 1239 362 1298 per
377 1159 505 1278 lpeciales
521 1216 614 1276 nudus
629 1216 661 1275 a'c
703 1214 747 1276 ost
763 1231 875 1298 tergum
893 1238 938 1277 re·

261 1299 280 1362 li
301 1301 352 1359 atis
368 1298 498 1372 manibus
514 1297 668 1358 dederetur
681 1237 813 1357 llostibus
828 1319 836 1358 r
851 1319 938 1380 quem

259 1318 304 1441 illi
325 1379 454 1461 recipere
475 1377 504 1438 se
526 1393 728 1460 negaverunt,
753 1378 825 1437 sicut
866 1399 939 1438 uon·

258 1461 327 1520 dam
341 1457 464 1530 Caudini
481 1457 631 1532 fecerunt,
651 1457 778 1518 dicentes
796 1457 855 1538 pub
868 1459 940 1520 'cam

262 1542 454 1613 violationem
478 1537 549 1600 fidei
571 1559 632 1598 nou
659 1538 766 1599 dehere
792 1540 875 1600 unius
901 1540 941 1602 lui

260 1619 312 1694 ian
352 1623 408 1693 iun

261 1741 265 1755 ι
302 1701 317 1774 l
337 1745 346 1762 .
367 1701 528 1774 Immunem
543 1698 654 1762 deditio
668 1697 798 1760 Mancini
817 1699 940 1762 civitatis

259 1785 359 1854 Movit
378 1781 581 1853 dissensionem
600 1803 606 1842 :
627 1783 735 1863 quippe
757 1778 827 1840 Tib.
848 1778 941 1842 Grac-

255 1861 580 1946 nhus41ib.Gracchi
599 1863 747 1923 clarissimi
765 1878 851 1942 arque
870 1863 942 1922 emi-

256 1946 421 2014 :certissimi
442 1943 498 2010 viri
515 1941 612 2017 filius,
631 1942 662 2002 P.
680 1941 809 2002 Africani
827 1961 862 2000 ex
882 1940 943 2004 filia

259 2046 379 2106 nepos,
401 2043 460 2104 quo
481 2021 620 2104 questore
640 2024 673 2083 &
694 2021 807 2083 auclore
828 2021 859 2082 id
884 2020 945 2084 foe-

259 2105 318 2174 fdus
334 2103 421 2164 idum
438 2121 519 2175 erat,
535 2124 611 2164 nunc
630 2106 757 2184 graviter
773 2101 871 2164 ferens
890 2105 945 2164 ali-

257 2185 335 2267 ¹quid
354 2205 370 2244 a
388 2183 418 2244 se
440 2183 543 2247 facium
563 2182 723 2258 infirmari,
744 2204 819 2244 nunc
840 2184 944 2244 similis

153 2323 159 2332 ,
262 2266 314 2334 uel
330 2263 430 2344 ¹iudicii¹
445 2265 495 2328 vel
510 2285 605 2352 poenae
620 2281 751 2325 metuens
768 2262 944 2336 discrimen,

262 2347 395 2416 tribunus
415 2345 508 2427 plebis
527 2362 661 2418 creatus,
686 2345 732 2406 vir
751 2343 859 2425 alioqui
879 2345 946 2420 nied

254 2428 538 2501 -immeurissirnus,
560 2428 676 2508 iugenio
697 2424 919 2486 florentissimus
935 2469 945 2497 ,

262 2511 415 2588 ¹proposito
432 2505 618 2570 fundissimus
630 2551 639 2578 ,
652 2507 736 2566 rantis
751 2504 877 2585 denique
896 2505 948 2565 ad·

257 2605 381 2651 ornatus
393 2588 561 2662 virtutibus,
573 2602 691 2668 quantas
706 2583 834 2666 perfode
848 2585 883 2650 &
895 2606 948 2646 na-

258 2669 328 2734 ·ruri
343 2671 374 2737 dr
389 2667 524 2732 industrii
533 2667 664 2736 mortalis
678 2664 806 2737 conditio
818 2667 879 2748 reci
903 2669 928 2726 ir
934 2711 952 2738 ,.

257 2747 296 2810 ΙΡ.
309 2747 411 2816 Mucio
428 2746 560 2818 Scaevold
571 2791 581 2824 ,
594 2747 628 2810 L.
641 2744 798 2826 Calpurnio
814 2766 850 2808 co
888 2748 948 2824 uli,-
