2014 3620
237 300 378 368 Hrsu.
404 300 558 367 Lrusn
584 292 639 368 II.
717 325 760 389 4¹

87 415 224 482 universa
239 416 337 488 Italia,
354 416 488 498 quumid
507 415 614 478 malum
627 412 768 479 ab‘nscu-
787 459 789 464 -

88 499 163 562 lanis
186 516 281 558 ortum
307 495 372 556 effet
394 491 525 578 [quippe
542 495 675 557 Servium
694 521 766 578 prae-

88 575 187 650 toiem
206 577 412 658 Fonteiumque
433 579 558 659 legatum
578 577 772 660 occiderant}

84 657 130 738 'ac‘
143 659 246 719 deinde
260 679 281 736 ⁸a
298 657 402 717 Marsis
421 676 595 740 exceptum,
612 662 642 718 in
662 681 771 730 omnes¹

90 738 258 823 penetraffet
276 741 433 820 regiones,
452 761 528 798 arma
549 739 686 800 adversus
706 740 769 800 Ro·

88 841 189 880 manos
208 822 283 902 cepit
301 843 310 893 ;
331 840 455 898 quorum
475 837 507 878 ut
527 818 642 880 fortuna
662 837 766 893 atrox,
793 886 796 892 ¹

87 902 127 960 ita
136 899 217 960 causa
227 899 280 959 fuit
290 897 440 978 justissima
449 920 458 972 3
468 897 603 978 petebant
614 901 690 958 enim
701 921 768 962 earn

87 983 258 1048 civitatem,
276 976 357 1058 cujus
372 981 526 1058 imperium
540 981 624 1037 armis
641 980 769 1039 tueban⁴

88 1078 134 1121 tur
145 1083 152 1119 τ
165 1081 217 1141 per
233 1080 335 1120 omnes
353 1079 443 1117 annos
459 1075 543 1138 atque
556 1060 653 1117 omnia
670 1060 744 1118 bella
752 1106 765 1133 ,

76 1141 198 1223 'duplici
207 1160 329 1200 numero
340 1137 368 1197 se
379 1139 501 1198 militum
509 1140 693 1220 equitumque
701 1138 769 1198 'fun-

89 1225 138 1304 gi,
155 1241 250 1302 neque
262 1222 291 1278 in
308 1216 368 1296 ejus
382 1221 504 1278 civitatis
521 1217 564 1277 'us
581 1221 688 1300 recipi,
704 1242 772 1302 quae.
804 1277 805 1281 ,

89 1322 144 1385 per
152 1322 203 1361 eos
213 1303 241 1358 in
250 1297 370 1380 idipsum
375 1240 550 1438 perveniiiiet
559 1298 768 1382 fastigium‚pet

90 1382 172 1463 quod
184 1382 316 1441 homines
327 1378 371 1458 eju
386 1381 453 1440 dem
465 1383 496 1442 &
508 1383 598 1462 gentis
610 1382 641 1442 ὃ(
658 1381 767 1522 sanpsui·

90 1466 135 1522 nis
144 1508 153 1536 ‚
161 1479 193 1522 ut
204 1478 336 1522 externos
347 1458 522 1543 alienosque,
530 1460 653 1521 fastidire
665 1485 702 1554 po
727 1479 767 1526 et.

89 1541 125 1604 Id
142 1543 252 1602 beilum
270 1541 389 1621 amplius
411 1559 536 1602 trecenta
559 1543 646 1602 millia
664 1565 767 1624 Juven-

88 1626 158 1688 tutis
175 1622 277 1684 ltalicae
294 1621 413 1682 abstulit.
425 1621 582 1695 Clarissimi
599 1639 695 1684 autem
714 1627 768 1682 im·

87 1721 237 1846 penatores
257 1703 372 1766 fuerunt
390 1703 513 1764 Romani
532 1716 568 1762 eo
588 1704 667 1768 bello
682 1749 691 1778 ‚
708 1702 770 1776 Cn.

113 1787 272 1862 ompeius‚
295 1782 351 1843 Cn.
379 1782 509 1864 Pompeii
534 1783 633 1864 Magni
659 1780 766 1864 priten,

90 1861 128 1924 C.
143 1863 271 1936 Marius,
287 1863 323 1920 de
336 1883 393 1942 quo
411 1864 593 1942 praediximus
605 1908 614 1934 ‚
625 1863 657 1922 L.
669 1861 765 1939 Sulla',

90 1965 167 2003 anno
189 1943 253 2002 ame
296 1943 395 2002 raeturd
411 1941 541 2014 fundus,
556 1941 599 2021 Q.
614 1943 766 2018 Metellus,

89 2023 238 2086 Numidici
261 1964 359 2094 dius,
380 2027 427 2104 qui
451 2026 583 2084 meritum
604 2044 769 2105 cognomen

88 2102 130 2167 Pii
148 2103 316 2164 consecutus
333 2122 403 2165 erat.
425 2102 545 2186 Quippe
562 2103 709 2185 expulsum
725 2107 768 2165 ci·

88 2189 178 2249 vitate
189 2207 204 2244 a
216 2173 249 2245 i..
263 2183 413 2245 Saturnino
429 2187 542 2245 tribuno
558 2186 667 2266 plebis,
685 2186 767 2266 quod

87 2264 164 2327 solus
185 2268 214 2324 in
236 2265 314 2346 leges
334 2264 395 2344 ejus
419 2263 510 2343 jurare
528 2266 681 2334 noluerat,
702 2269 767 2346 pie·

40 2405 52 2426 ‚
88 2363 146 2407 rate
162 2345 228 2419 suri,
244 2345 409 2405 audoritate
420 2343 549 2416 senatus,
560 2343 695 2404 consensu
711 2347 766 2404 rei·

110 2427 232 2498 ublicae‚
255 2425 372 2486 restituit
393 2444 511 2507 patrem.
534 2424 597 2484 Nec
617 2426 767 2506 triumphis

88 2449 302 2588 {oneribusque
313 2554 323 2581 ‚
335 2505 420 2588 quim
435 2524 483 2566 aut
497 2505 580 2566 causi
591 2507 701 2578 exsilii,
720 2521 768 2570 aut
782 2565 785 2574 ,

91 2589 211 2660 exsilio,
224 2605 271 2646 aut
284 2587 375 2647 reditu
392 2588 493 2647 clarior
505 2585 556 2647 fuit
567 2585 747 2650 Numidicus.

130 2667 223 2728 XVI.
246 2667 408 2728 Italicorum
430 2686 526 2728 autem
551 2667 664 2728 fuerunt
687 2667 767 2727 ceie-

89 2747 208 2810 berrirni
228 2748 338 2826 duces,
358 2748 416 2812 Silo
437 2749 609 2833 Poppedius
629 2793 640 2825 ‚
659 2747 765 2812 Herios
