2020 3618
114 296 117 304 ’
158 301 159 306 ‘
220 312 365 382 Hiar.
386 311 542 382 'innan
565 313 622 382 11.
664 336 751 413 ‘¹¹5

80 429 159 506 ritu,
187 443 191 450 '
297 429 577 496 obscurissimarum
602 451 699 492 rerum
722 435 755 502 δι

79 510 178 572 aanor
220 511 380 587 minister,
396 529 484 594 quum
500 515 528 572 in
538 514 675 574 omnia&
690 533 756 573 om·

80 592 286 654 nibus·venalis
295 638 305 667 ‚
315 609 404 675 quum
418 593 588 656 coertrleatus
600 595 631 655 &
643 594 753 668 nudus,

77 691 222 756 caputque
247 675 392 735 redimitus
416 676 554 734 artmdine
576 675 609 736 &
633 674 754 735 caudam

77 755 214 830 trahens,
233 757 354 838 genibus
370 757 482 815 innixus
499 753 644 816 Glaucum
659 753 756 816 saltas·

75 831 138 908 set,
151 837 181 896 in
197 837 337 897 convivio
352 834 530 917 refrigeratus
548 836 583 896 ab
601 836 752 909 Antonios,
824 835 828 842 ⁴

75 915 117 976 ob
130 915 340 978 manifestarum
354 918 515 998 rapinarum
527 917 632 977 indicia
642 963 651 990 ‚
663 935 755 977 trans-

74 993 150 1078 sugit
169 997 205 1057 ad
228 995 370 1057 Caesarern
388 1017 395 1056 t
415 997 448 1058 δι
469 997 547 1057 idem
570 996 669 1080 postea
688 998 753 1058 cle-

73 1079 213 1138 mentiam
230 1077 347 1138 vidioris
361 1097 415 1158 pro
432 1075 479 1137 sua
491 1081 596 1138 virtute
612 1080 752 1160 interpre-

71 1157 186 1217 tabatur
197 1181 206 1234 3
217 1157 344 1218 didiitans
356 1201 365 1230 ,
379 1157 409 1217 id
424 1158 575 1240 probatum
591 1181 607 1218 a
619 1155 752 1235 Cesare,

71 1239 120 1297 cui
141 1238 191 1300 ille
208 1241 367 1320 ignoverat.
388 1237 473 1298 Hunc
492 1261 560 1299 mon
579 1240 752 1300 avunculum

71 1314 168 1379 Titius
190 1320 314 1379 imitatus
334 1317 385 1379 est.
407 1318 491 1379 Haud
511 1315 630 1381 absurdi
648 1318 695 1381 Co
717 1341 753 1380 οε
778 1350 781 1353 ·

71 1401 137 1458 nius
157 1401 203 1458 vir
220 1419 237 1458 e
256 1401 396 1480 praetoriis
416 1403 622 1482 gravissimus,
638 1401 670 1462 P.
690 1341 751 1463 diui

69 1477 173 1552 socer,
205 1497 273 1539 uum
285 1501 384 1540 recens
399 1479 541 1562 transfuga
551 1482 639 1541 multa
653 1504 685 1542 nc
698 1493 752 1542 'ne-
798 1507 803 1517 ¹

68 1558 159 1620 fanda
181 1501 299 1621 dlancus
323 1560 430 1621 absenti
449 1561 581 1621 Antonio
599 1565 628 1622 in
652 1560 750 1624 senatu

69 1639 215 1718 objiceret
232 1664 239 1702 τ
257 1642 374 1716 Multa,
391 1643 503 1722 inquit,
515 1645 672 1702 mehercules
679 1642 752 1723 sicit

66 1725 216 1784 Antonius
250 1725 335 1794 ridie,
355 1723 435 1802 qudm
448 1741 478 1781 tu
492 1724 569 1782 illum
584 1725 749 1801 relinqueres·

30 1855 32 1859 ,
68 1819 70 1830 ⁴
110 1801 207 1864 LXX
246 1801 305 1862 IV.
326 1800 439 1862 Caesare
457 1802 753 1864 deinde&Meiialld

67 1880 207 1945 Corvino
224 1882 386 1944 consulibus
404 1882 579 1942 debellatum
595 1885 671 1964 apud
689 1885 750 1946 Ae·

65 1966 164 2038 tium,
184 1963 234 2024 ubi
258 1963 344 2046 longe
365 1979 519 2044 antequam
544 1965 749 2039 dimicaretur,

87 2085 88 2088 =
126 2045 300 2106 loratissima
330 2044 504 2106 Iulianarum
540 2048 660 2128 partium
694 2045 749 2108 fuit

62 2063 196 2186 didesia.
213 2125 379 2208 Vigebatin
393 2125 444 2185 hac
463 2144 543 2207 parte
561 2127 645 2186 miles
660 2144 747 2209 atque

62 2205 253 2286 imperator,
276 2206 325 2265 ina
348 2205 514 2265 marcebant
536 2210 632 2266 omnia
651 2229 658 2265 ε
680 2208 745 2268 hinc

61 2290 192 2368 remiges
209 2285 384 2357 firmissimi,
397 2285 473 2344 illinc
491 2287 589 2366 inopini
603 2285 748 2346 affeiiissi·

61 2367 124 2427 mi:
139 2368 258 2426 navium
271 2368 337 2426 hinc
353 2367 522 2446 magnitudo
534 2367 664 2438 modica,
678 2387 745 2427 cum

60 2447 235 2521 celeritate,
251 2446 367 2507 adversa
382 2447 429 2505 illa
446 2445 541 2527 specie
558 2465 617 2506 erar
634 2448 745 2506 terribi·
817 2497 821 2506 .

60 2527 118 2587 lior
138 2550 148 2585 t
165 2527 231 2586 hinc
250 2528 286 2588 ad
304 2528 467 2588 Antonium
484 2547 594 2600 nemo,
611 2528 688 2586 illinc
706 2526 744 2586 ad

62 2605 215 2669 Caesarem
241 2608 370 2689 quotidie
398 2608 485 2690 aliqui
511 2605 744 2690 transfugiebant.

58 2687 206 2768 Denique
230 2690 260 2748 in
281 2709 330 2748 ore
352 2705 437 2769 atque
458 2689 549 2749 oculis
569 2687 744 2750 Antonianae

58 2770 165 2832 classis
178 2787 232 2851 per
245 2767 379 2854 Mareutu
390 2770 551 2854 Agrippam
566 2769 676 2832 Leucas
692 2787 744 2828 ex·

213 2905 282 3032 s
