2014 3620
256 311 306 390 52
381 290 416 360 C.
446 293 577 359 Vana.
603 289 806 366 Pan-nnc.

250 409 441 477 dissimulavit
455 430 466 482 ς
482 428 555 480 nec,
569 410 648 489 quod
661 427 720 470 erat
733 413 762 470 in
777 411 923 487 manibus‚‚'

253 493 376 562 omisit„
399 489 625 571 existimavitque
647 491 712 550 ante
737 490 921 574 frangendum

251 569 383 640 hostem,
400 569 486 650 quam
496 568 689 632 ulciscendum
703 573 819 647 civem;
831 573 923 654 repul·

249 649 338 730 suque
360 667 481 711 externo
501 668 609 724 metu,
628 650 678 712 ubi
700 653 780 732 quod
800 654 923 717 alienum

249 729 319 791 effet
334 728 464 803 vicisset,
479 727 623 811 superaret
636 733 718 814 quod
734 750 794 794 erat
811 733 927 796 dumus-¹

248 814 348 872 ticum.
372 811 451 872 Ante
474 811 630 872 adventum
654 813 688 873 L.
711 811 814 886 Sullae,
831 813 922 876 Cinna

249 891 390 952 seditione
403 892 467 953 orti
478 892 512 951 ab
528 896 653 954 exercim
665 896 851 975 interemptus
864 895 904 958 est
911 918 921 970 ;

248 975 294 1034 vir
311 974 446 1056 dignior,
466 975 515 1053 qui
534 974 649 1034 arbitrio
665 973 807 1035 villorum
825 997 922 1038 more-

248 1071 346 1127 retur,
366 1054 453 1136 quim
474 1055 617 1114 iracundii
637 1054 786 1118 militum:
808 1055 843 1116 de
864 1079 921 1138 quo

248 1135 320 1199 uere
339 1137 395 1196 dici
410 1133 527 1214 potest,
543 1133 640 1196 ausum
657 1155 742 1210 eum,
757 1155 822 1216 quae
835 1157 921 1198 nemo

249 1216 376 1276 auderet·
389 1215 507 1288 bonus,
529 1214 700 1296 perfec-ille,
721 1237 785 1298 quae
807 1238 824 1276 a
843 1217 921 1278 nullo
949 1224 952 1228 ’

249 1296 309 1361 nisi·
328 1294 485 1356 fortissimo
501 1293 609 1375 perfici
628 1295 740 1378 possent
757 1317 767 1370 3
791 1295 824 1359 &
844 1296 922 1360 fuisse

249 1395 316 1436 eum
339 1377 369 1434 in
389 1375 575 1436 consultando
596 1379 798 1448 temerarium,
813 1379 849 1436 in
870 1399 924 1438 ex-

248 1454 278 1516 se
300 1456 398 1518 uendo
423 1459 525 1518 virum.
552 1454 678 1528 Carbo,
701 1458 782 1517 nullo
805 1455 922 1522 suffeClo

249 1478 326 1596 coile
348 1539 382 1606 i,
401 1535 476 1596 solus
492 1553 558 1597 coto
574 1558 650 1596 anno
667 1537 765 1597 consul
779 1537 844 1600 fuin

292 1557 393 1678 xilv.
414 1617 548 1687 Putares,
567 1615 676 1678 Sullam
691 1616 798 1678 venille
815 1621 845 1678 in
864 1618 925 1682 lta-

249 1697 342 1771 liam,
359 1719 417 1758 non
436 1697 502 1758 belli
519 1699 683 1771 vindicem,
698 1697 746 1758 sed
764 1703 842 1777 pacis
858 1722 924 1760 auc-

250 1795 347 1840 torem
364 1801 371 1840 :
390 1795 466 1840 tanta
486 1800 552 1838 cum
574 1781 669 1860 quiete
693 1781 851 1840 exercitum
871 1803 924 1862 pet

250 1857 415 1931 Calabriam
443 1859 667 1942 Apuliamque,
695 1881 761 1920 cum
791 1863 925 1942 singulari

251 1962 320 2005 cura
339 1941 451 2022 frugum
469 1986 479 2014 ,
500 1962 633 2022 agrorum
651 1985 661 2014 ‚
679 1940 853 2013 hominum,
874 1964 926 2003 ur-

249 2019 349 2092 bium,
385 2021 497 2080 erduxit
511 2023 540 2079 in
561 2018 768 2102 Campaniam,
787 2025 927 2084 tentavit·

211 2164 218 2176 f
250 2121 308 2180 que
326 2043 404 2178 juliis
425 2101 533 2182 legibus
553 2101 584 2160 ὅ(
602 2105 691 2181 aequis
710 2099 930 2168 conditionibus

250 2179 361 2246 bellum
386 2201 564 2262 componere
588 2204 595 2242 :
617 2179 665 2242 sed
686 2183 719 2242 iis
734 2227 747 2257 ‚.
764 2185 868 2263 quibus
891 2187 926 2247 &

251 2263 425 2344 pessima&
441 2263 596 2323 immodica
611 2264 750 2344 cupiditas
768 2283 846 2336 erat,
862 2287 926 2326 non

251 2359 366 2422 poterat
382 2365 437 2423 pax
453 2345 575 2424 placere.
593 2341 747 2410 Cnescebat
765 2346 880 2406 interim
895 2349 928 2406 in

252 2423 314 2482 dies
325 2421 410 2484 Sullae
419 2427 577 2493 exercitus,
587 2425 795 2486 confluentibus
807 2425 844 2487 ad
855 2447 930 2490 eum

250 2504 364 2582 optimo
377 2525 494 2585 quoque
509 2507 541 2566 &
552 2503 707 2570 sanissimo.
717 2505 806 2566 Felici
815 2506 928 2570 deinde

247 2586 323 2642 circa
341 2581 471 2664 Capuam
493 2601 601 2648 eventu
619 2583 782 2666 Scipionem
805 2583 933 2648 Norba-

251 2683 378 2742 numque
399 2663 527 2724 consules
546 2664 658 2745 superat
676 2688 684 2726 :
700 2685 826 2748 quorum
844 2667 931 2732 Not·

247 2743 339 2808 banus
355 2744 416 2810 acie
432 2743 522 2810 uuus
537 2767 548 2822 3
564 2743 660 2832 Scipio
676 2747 713 2810 ab
728 2749 855 2812 exercitu
872 2749 930 2818 suo
