2014 3620
222 369 224 376 ,
250 318 299 392 72
374 296 409 366 C.
432 276 572 365 Vari.
600 295 803 377 Pareae.

245 439 251 444 ·
293 415 407 478 XLII.
428 414 560 497 Longum
580 412 622 475 est
647 435 781 484 narrare,
800 413 872 498 quid
898 415 932 479 δι

247 499 366 580 quoties
392 495 471 556 ausus
490 500 555 569 sit3
595 515 683 556 uanto
710 515 799 576 opere
825 515 932 557 conata

251 577 334 659 ejus,
347 579 395 657 qui
408 576 557 636 obtinebat
572 518 672 636 dsiam
685 574 862 658 magistratus
897 600 934 638 o·

241 659 311 740 'puli
328 658 476 728 Romani,
495 674 574 717 metu
596 656 647 718 suo
668 656 833 719 destituerit.
852 599 931 720 Illud

247 737 411 810 reseratur,
427 738 635 798 documentum
647 739 716 797 rami
734 758 804 797 mox
817 738 931 799 evasuri

247 821 314 882 ¹riri.
331 817 410 896 Quae
427 839 485 878 nox
504 839 568 878 earn
586 818 661 878 diem
677 817 773 878 secuta
791 817 853 891 est,
871 820 930 901 qud

274 899 369 959 ublici
385 901 544 959 civitatium
561 899 683 980 pecunii
698 898 866 978 redemptus
887 897 929 960 est

252 922 317 1061 fita
336 997 431 1040 tamen
449 997 481 1039 ur
499 996 614 1062 cogeret
631 979 695 1038 ante
715 979 832 1056 obsides
850 1001 868 1039 a
886 982 930 1060 pi·

252 1063 319 1121 ratis
336 1060 500 1122 civitatibus
517 1059 600 1141 dari]
615 1059 761 1120 contradi
774 1059 858 1121 claffe
872 1104 882 1134 ,
896 1062 929 1122 δι

252 1145 399 1224 privatus,
413 1144 446 1204 &
458 1139 659 1213 tumultuarii,
675 1139 804 1200 invectus
815 1142 844 1200 in
859 1161 928 1200 eum

252 1223 368 1294 iocum,
387 1225 488 1304 inquo
505 1224 560 1302 ipsi
577 1222 728 1303 praedones
746 1239 844 1292 erant,
863 1241 928 1301 par·

251 1321 314 1362 tem
337 1302 432 1363 classis
452 1301 580 1384 fugavit,
602 1319 712 1381 partem
731 1303 853 1374 mersit,
876 1303 927 1360 ali·

252 1399 324 1464 quot
341 1403 429 1443 naves
443 1381 604 1464 multosque
619 1382 754 1442 mortales
766 1384 864 1462 cepit3
879 1383 928 1442 lae·

203 1533 204 1536 Ἴ
250 1461 352 1545 rusque
367 1463 511 1522 uoslurnae
531 1462 720 1544 expeditionis
732 1463 879 1543 triumpho
891 1462 928 1522 ad

251 1543 317 1604 suos
339 1542 469 1604 reversus
491 1542 554 1618 est,
574 1541 771 1625 mandatisque
792 1541 927 1604 custodiae

252 1645 326 1706 quos
346 1640 489 1704 ceperat,
510 1626 540 1683 in
558 1624 727 1704 Bithyniam
743 1626 869 1705 perrexit
890 1625 927 1684 ad

252 1704 453 1788 proconsulem
470 1705 585 1766 Iunium
599 1703 643 1785 [Is
662 1706 739 1764 enim
752 1703 854 1764 Asiam
865 1723 929 1764 tum

246 1785 421 1868 obtinebat]
434 1802 534 1867 petens
546 1830 555 1859 ‚
566 1803 597 1846 ut
609 1783 706 1846 audlor
720 1783 803 1844 fieret
816 1785 928 1846 sumen·

253 1869 283 1928 di
300 1867 337 1928 de
358 1869 477 1949 captivis
499 1865 528 1926 su
551 1866 635 1948 pIIcii.
655 1864 749 1944 Quod
771 1885 860 1948 quum
878 1867 927 1927 ille

251 1947 282 2009 se
298 1947 434 2008 faslurum
450 1889 592 2028 negasset,
607 1947 848 2028 venditurumque
860 1969 892 2006 ca
915 1982 927 1994 ·

252 2031 331 2089 rivos
351 2027 458 2086 dixisset
476 2026 607 2110 [quippe
629 2025 799 2108 sequebatur
818 1969 929 2088 invidia

251 2107 400 2188 inertiam]
414 2107 574 2166 incredibili
590 2107 735 2167 celeritate
747 2107 879 2168 revedus
891 2109 928 2169 ad

252 2209 351 2263 mate,
368 2189 446 2268 pribs
467 2187 552 2268 quiem
573 2188 609 2247 de
629 2208 664 2247 ea
683 2209 715 2249 re
735 2188 784 2246 ulli
803 2209 929 2269 procon-

252 2267 317 2330 sulis
341 2269 528 2328 redderentur
551 2266 704 2349 epistolae,
727 2289 830 2329 omnes
852 2291 927 2352 quos

248 2372 285 2410 ce
309 2367 368 2409 erat
389 2347 493 2408 suffixit
510 2352 594 2410 cruci.

327 2428 410 2490 LIII.
433 2428 513 2488 Idem
533 2451 603 2490 mox
620 2429 656 2490 ad
673 2427 863 2490 sacerdotium
883 2433 930 2491 in·

250 2511 379 2571 eundum
402 2508 532 2591 [quippe
559 2509 660 2570 absens
681 2509 813 2593 pontifex
837 2511 929 2573 fadus

250 2607 313 2651 erat
331 2634 343 2662 ,
362 2611 453 2671 quum
473 2594 502 2649 in
526 2587 623 2651 Cottae
647 2589 800 2652 consularis
826 2591 929 2654 locum

250 2691 326 2752 pene
340 2691 413 2752 puer
424 2692 440 2730 a
451 2670 548 2731 Mario
562 2669 840 2753 Cinnaque‘Flarnen
853 2671 930 2734 Dia-

251 2753 286 2812 lis
305 2769 436 2828 creatus,
453 2750 572 2815 vidorii
589 2749 694 2828 Sullae,
709 2755 758 2835 qui
774 2755 875 2814 omnia
892 2755 930 2814 ab

893 2857 929 2897 ns
