2014 3620
158 381 162 388 .
249 323 278 402 Β
384 321 420 418 C,
448 325 576 392 Vm.
600 322 800 418 Prrrrrc.

248 444 306 507 des
323 444 493 526 quaeritans,
511 441 541 500 in
559 437 658 500 Asiam
674 437 703 500 se
721 438 848 500 effudit:
871 461 957 502 nam

252 528 288 590 &
311 523 420 594 Iones,
441 521 513 582 duce
538 519 611 580 lone
637 519 756 602 proselii
778 519 916 582 Athenis
942 566 955 594 ,

252 605 461 668 nobilissimam
488 617 600 682 partem
626 603 752 682 regionis
779 603 953 662 maritimae

253 703 455 766 occupavere,
473 703 537 764 quae
553 681 698 764 hodieque
712 681 881 764 appellatur
895 682 952 743 Io·

252 767 318 840 nia3
330 762 471 845 urbesque
489 761 660 823 constituere
670 807 680 836 ,
691 761 860 844 Ephesum,
879 762 950 824 Mi·

254 845 367 919 letum,
383 841 462 906 Colo
485 843 582 918 hona,
600 843 741 917 Prienen,
759 843 949 918 Lebedum,

255 925 435 1005 Myuntem,
453 990 457 1002 ¹
474 947 485 982 r
510 923 623 997 thram,
637 921 846 996 Clazomenas,
860 923 947 984 Pho·

255 1027 369 1080 caeam3
388 946 546 1086 mulraffiue
566 1007 595 1063 ln
611 1003 711 1086 AEgaeo
734 1021 819 1086 atque
840 1002 946 1067 Icario

256 1105 438 1167 occupavere
452 1084 572 1156 insulas,
583 1083 717 1156 Samum,
730 1082 859 1157 Chium,
875 1083 946 1146 An-

247 1169 359 1238 drum,
375 1163 510 1238 Tenum,
525 1163 648 1238 Parum,
665 1163 796 1238 Delum,
810 1163 943 1248 aliasque

256 1250 267 1309 i
287 1247 407 1309 nobiles.
424 1245 461 1306 Et
478 1265 549 1305 mox
565 1245 675 1317 AEolii,
695 1245 798 1310 eodem
812 1245 942 1328 profesti

250 1269 395 1401 bracem,
422 1324 649 1466 longissimisque
675 1325 729 1386 aui
758 1325 940 1404 erroribus,

257 1411 318 1469 'non
345 1409 438 1468 minlis
463 1405 582 1466 ilustres
608 1407 794 1468 obtinuerunt
817 1407 938 1482 locos,

247 1481 403 1569 'clarasque
421 1487 506 1548 urbes
525 1486 735 1564 condiderunt,
754 1485 938 1570 Smyrnam,

248 1556 399 1651 ¹Cymen,
426 1567 581 1642 Larissam,
606 1567 780 1650 Myrinam,
808 1568 854 1628 Mi
893 1570 938 1630 le-

246 1671 403 1732 ¹nemque,
421 1649 453 1712 &
469 1649 536 1710 alias
552 1648 655 1720 urbes,
671 1671 735 1732 quae
751 1648 813 1712 sunt
827 1652 856 1710 in
896 1671 938 1712 es·

256 1731 297 1791 bo
316 1729 415 1808 insulis.

247 1811 253 1886 ’,
296 1809 336 1873 V.
359 1809 556 1888 Clarissimum
575 1809 680 1870 deinde
701 1809 824 1870 Homeri
841 1810 935 1872 illuxit

256 1895 427 1976 ingenium,
448 1893 508 1960 sine
529 1892 664 1971 exemplo
684 1893 840 1956 maximum
852 1913 863 1966 ;
884 1895 934 1973 qui

167 2029 171 2034 ,
248 1965 454 2056 'magnitudine
470 1974 588 2054 operis,
603 1969 760 2054 &fulgore
775 1975 934 2032 carminum

257 2055 333 2115 solus
350 2051 487 2134 appellari
505 2055 593 2112 Pok'ta
611 2055 737 2114 meruit:
755 2057 784 2113 in
802 2075 859 2134 quo
876 2054 933 2115 hoc

257 2137 415 2194 maximum
437 2130 502 2203 est,
525 2132 606 2212 quod
626 2153 721 2215 neque
742 2152 806 2192 ante
826 2134 934 2206 illum,

257 2235 346 2295 quern
366 2214 414 2273 ille
433 2215 608 2284 imitaretur,
627 2235 720 2296 neque
741 2213 806 2295 post
826 2213 934 2290 illum,

258 2297 393 2378 quieum
409 2295 516 2364 imitari¹
528 2292 641 2375 pollet,
660 2296 794 2354 iuventus
810 2293 849 2354 ell
864 2317 871 2354 :
885 2317 934 2358 ne-

258 2378 319 2458 que‘
334 2395 508 2466 quemquam
528 2376 636 2449 alium,
658 2373 738 2454 eujus
759 2377 854 2456 operis
875 2379 934 2462 pri-

258 2477 323 2516 mus
340 2453 436 2516 anuos
455 2455 561 2527 fuerit,
578 2459 607 2516 in
623 2478 659 2516 eo
696 2454 933 2532 erfeAElissimum,

197 2571 201 2578 ·
248 2533 361 2618 'praeter
378 2533 541 2598 Homerum
562 2539 595 2599 &
616 2479 828 2609 Arcllilocum‚
849 2557 932 2618 repe-

248 2619 374 2698 riemus.
395 2617 452 2677 Hic
472 2619 584 2700 longius
604 2640 621 2676 a
641 2617 821 2696 temporibus
839 2615 931 2690 belli,

257 2698 338 2778 quod
354 2699 543 2778 ¹composuit,
564 2695 686 2764 Troici,
709 2695 795 2776 quam
817 2699 930 2778 quidam
987 2716 991 2733 ¹

248 2773 379 2874 Lrenrur,
405 2778 520 2847 abfuit:
542 2798 608 2838 nam
635 2775 726 2838 ferme
752 2793 818 2838 ante
842 2799 930 2852 annos

352 2900 377 2969 ri
401 2941 409 2952 ,.
