2014 3620
246 311 386 383 Hrsr.
411 311 568 390 Lraerr
593 303 623 379 Ι.
724 333 764 385 21

90 432 248 498 clarissima
273 430 395 514 publicae
422 427 579 511 voluntatis
604 441 773 510 argumenta

91 513 314 576 numeraverim.
337 510 439 574 Cassio
465 529 560 570 autem
583 509 773 591 Longino&

92 595 196 670 Sextio
212 590 359 666 Calvino,
374 594 423 674 qui
438 589 546 652 Sallues
562 591 639 672 apud
654 591 782 671 Aquas‚.

94 697 161 758 quae
182 675 217 734 ab
238 695 273 736 eo
293 671 395 734 Sextiae
416 672 616 754 appellantur,
636 671 772 744 devicit,

95 751 281 830 consulibus,
306 755 463 815 Fabrateria
486 751 607 814 deducla
630 750 695 825 est,
719 749 774 811 ab·

94 835 162 898 hinc
186 857 276 896 annot
305 833 397 896 ferme
423 849 539 895 centum
587 833 774 915 uinquaginta

93 918 229 999 septem,
251 913 366 998 &post
385 936 491 976 annum
509 855 691 994 Scqucium‚
710 915 774 974 Mi·

93 1001 238 1072 nervium,
260 1001 422 1068 Tarentum,
443 996 609 1076 Neptunia,
631 996 786 1076 carthago-⁴

59 1089 65 1098 '
97 1099 155 1164 que
176 1081 207 1138 in
226 1075 351 1150 Africa,
376 1080 490 1158 prima,
514 1091 546 1136 ut
564 1075 747 1156 praeducimus
764 1085 788 1150 ,Ἀ

96 1177 178 1222 extra
203 1157 315 1220 Italiam
330 1203 345 1234 ,⁸
362 1158 479 1218 colonia
503 1156 620 1218 condita
644 1153 695 1216 eli.
724 1153 775 1216 De

100 1240 227 1304 Dertona
245 1235 407 1320 ambigitur.
426 1239 523 1300 Narbo
538 1253 635 1305 autem
652 1233 776 1298 Martius

98 1325 130 1383 in
147 1313 262 1392 Gallia,
280 1319 384 1380 Porcio
400 1312 572 1401 Marcioque
590 1315 657 1380 coll.
673 1316 776 1379 abhinc

100 1403 215 1464 circiter
231 1421 323 1461 annos
339 1417 453 1462 centum
471 1401 672 1484 quinquaginta
686 1416 744 1460 tres
763 1443 775 1470 ,

101 1480 226 1544 deducta
245 1481 359 1544 colonia
378 1481 428 1543 est.
452 1479 519 1542 Post
536 1499 595 1542 tres
623 1481 656 1542 &
673 1481 777 1564 viginti

100 1584 193 1626 annos
211 1565 241 1623 in
254 1563 410 1646 Vagiennis
427 1565 595 1644 Eporedia,
620 1559 718 1624 Mario
736 1559 793 1622 sen

101 1648 164 1706 xies
183 1643 360 1728 Valerioque
383 1642 486 1706 Flacco
513 1639 580 1704 cossi
599 1641 705 1725 Neque
737 1640 794 1702 fa·'

103 1726 159 1787 cile
180 1727 338 1787 memoriae*
353 1725 581 1797 mandaverim,
607 1744 698 1806 quae,
718 1724 782 1785 'nisi

102 1807 254 1880 militaris,
313 1803 337 1865 st
353 1807 410 1866 hoc
426 1822 539 1885 tempus
558 1803 678 1866 deducla
696 1805 743 1868 sit.

147 1883 241 1946 XVI.
298 1905 367 1944 uum
386 1884 447 1944 haec
465 1885 602 1966 particula
618 1886 715 1964 operis
729 1903 784 1945 ve·

104 1966 149 2029 lut
173 1963 299 2026 formam
320 1965 463 2047 propositi
488 1961 657 2040 excellerit,
682 1981 786 2048 quam·

106 2067 195 2130 quam
213 2045 363 2128 intelligo,
385 2045 456 2106 mihi
476 2046 506 2106 in
530 2045 662 2108 baccam
682 2047 785 2129 praecii

105 2130 160 2213 piri
181 2126 387 2202 festinatione,
406 2148 473 2209 quae
495 2148 543 2189 me
562 2123 634 2188 rotae
658 2129 782 2209 pronive

105 2209 225 2292 gurgitis
239 2230 271 2268 ac
286 2210 405 2270 vorticis
422 2208 515 2270 modo
529 2207 585 2268 nus
636 2231 665 2268 m
679 2212 784 2290 patitur

107 2287 287 2363 consistere,
309 2309 385 2369 pene
399 2291 489 2370 magis
505 2307 576 2350 nece
599 2291 656 2348 aria
691 2303 784 2350 taeter-

108 2369 228 2442 eunda‚
252 2367 339 2450 quam
365 2367 540 2449 supervacua
561 2368 656 2450 ample
684 2370 784 2444 enda;

109 2471 226 2534 nequeo
242 2466 339 2529 tamen
356 2466 518 2530 temperate
532 2449 619 2522 mihi,
639 2453 706 2540 quin
722 2471 785 2512 rem

109 2533 185 2614 saepe
203 2534 335 2613 agitatam
352 2531 450 2592 animo
466 2550 558 2605 meo,
581 2549 675 2612 neque
694 2531 731 2591 ad
751 2533 785 2592 li·

131 2612 232 2678 uidum
247 2613 365 2686 ratione,
374 2610 558 2694 perduilam,
572 2614 682 2694 signem
696 2611 789 2693 styla

110 2635 191 2771 Quis
209 2695 286 2754 enim
300 2691 420 2772 abunde
445 2695 540 2755 mirari
555 2690 678 2774 potest,
705 2692 787 2775 quod

112 2773 337 2854 eminentissima
355 2771 490 2860 cujusque
505 2773 693 2857 professionis
711 2777 790 2853 inge·

112 2856 189 2931 nia,
213 2855 245 2916 in
270 2853 576 2938 eamdemlotmsstla
598 2857 686 2927 &iu
708 2853 787 2916 idem
