2020 3618
198 325 203 332 ²
264 290 403 360 Hirr.
429 289 584 357 Ltasr
612 290 666 358 ΙΙ.
741 288 800 383 87,

109 406 223 470 auxiliis
250 407 470 472 confluentibus,
502 405 558 468 Sua
585 403 728 469 Caesaret‘n
759 410 791 470 in

109 489 279 571 Hispaniam
297 490 433 552 comitata
450 487 564 548 fortuna
581 487 645 563 est3
660 487 709 550 sed
725 489 790 554 nul·

111 569 175 632 lum
193 589 327 651 umquam
344 571 467 630 atrocius
486 567 729 650 periculosiusque
752 578 790 630 ab

111 669 151 711 eo
174 651 274 711 initum
293 651 428 730 proelium
444 670 454 724 ;
471 649 545 712 adeo
567 667 601 710 ut
619 649 682 731 plus
700 649 788 732 quim

14 749 21 759 ·
56 732 58 737 ’
111 729 201 792 dubio
222 745 334 800 marte,
355 729 542 792 descenderet
562 751 662 812 equo,
680 731 789 794 consis-

110 809 231 894 tensque
249 829 314 874 ante
336 811 523 872 recedentem
538 809 654 872 suorum
673 814 792 884 aciem.
862 847 866 856 ·

108 891 250 974 increpiti
271 894 350 974 prius
369 889 506 962 fortuni,
525 891 605 973 qubd
625 891 653 953 se
670 895 701 952 in
722 913 790 954 euru

109 971 245 1036 servasset
276 974 385 1034 exitum
406 1015 416 1046 ,
441 973 623 1034 denuntiaret
653 973 791 1034 militibus

109 1051 234 1136 vestigio
253 1052 282 1114 se
302 1074 363 1114 non
380 1051 553 1114 recessurum
572 1074 583 1127 3
601 1053 723 1134 proinde
741 1057 789 1114 via
817 1127 820 1135 Ι

109 1135 235 1208 decent,
253 1153 343 1217 quern
359 1135 392 1197 δι
413 1153 471 1215 quo
491 1132 559 1197 loco
580 1132 790 1214 Imperatorem

109 1213 250 1278 deserturi
267 1213 373 1278 forent.
391 1213 576 1278 Verecundid
595 1216 684 1298 magis
704 1215 791 1296 quarn

110 1297 221 1360 virtute
239 1297 314 1355 acies
333 1293 467 1356 restituta
484 1294 564 1368 sunt,
579 1316 595 1354 a
612 1295 685 1368 duce
703 1295 791 1377 quim

110 1396 130 1436 a
142 1376 233 1436 milite
244 1374 354 1438 sortibs.
367 1373 423 1439 Cn.
431 1374 601 1456 Pompeius,
617 1377 710 1459 gravis
726 1377 791 1438 vul·

111 1477 185 1518 nere
206 1458 340 1517 inventus
359 1457 434 1516 inter
456 1455 623 1518 solitudines
644 1459 724 1518 avias
745 1460 792 1518 in·

109 1553 273 1680 :prprtpptus
285 1535 335 1600 est.
346 1536 505 1599 Labienum
514 1583 526 1611 ,
535 1537 703 1620 Verumque
715 1541 793 1602 acies

175 1635 234 1679 utt.
784 1651 786 1656 v

154 1697 232 1760 LVI.
248 1695 343 1760 Caesar
359 1699 491 1760 omnium
504 1695 597 1760 sistor
610 1697 746 1782 regressus
761 1699 792 1760 in

111 1777 251 1850 Urbem,
268 1780 348 1861 quod
367 1781 522 1838 humanam
540 1780 659 1839 excedat
677 1778 791 1854 fidem,

111 1858 269 1931 omuibus,
298 1861 347 1940 qui
368 1876 468 1919 contra
490 1857 517 1918 se
546 1880 624 1918 arma
642 1860 793 1931 tulerant,

111 1940 251 2021 ignovit3
270 1937 613 2022 magnificentissimisque
631 1939 793 2022 gladiatorii
845 1941 849 1946 ’

111 2021 266 2092 muneris,
285 2020 460 2082 naumachia
477 2065 487 2095 ,
506 2021 539 2082 &
558 2023 687 2102 equitum
708 2021 794 2103 pedi·

111 2116 256 2183 tumque,
273 2101 358 2162 simul
379 2100 607 2182 Elephantorum
628 2104 792 2164 certaminis

112 2179 298 2263 spedaculis,
317 2181 450 2263 epulique
468 2183 639 2262 permultos
657 2184 718 2244 dies
733 2183 792 2244 dati

113 2262 308 2323 celebratione
320 2306 330 2336 ‚
342 2283 377 2321 re
400 2263 471 2322 levit
486 2281 559 2322 eam.
573 2261 715 2344 Quinque
734 2265 794 2345 egit

113 2343 288 2423 triumphos.
317 2283 423 2402 Gallici
450 2359 601 2424 apparatus
629 2363 666 2402 err
693 2345 793 2418 citro,

114 2421 228 2484 Pontici
257 2443 293 2484 ex
322 2423 471 2494 acantho,
492 2420 679 2483 Alexandrini
706 2421 793 2484 testu·

113 2503 202 2575 dine,
215 2501 311 2563 ‘Africi
329 2503 439 2578 ebore,
456 2501 650 2585 Hispaniensis
671 2521 794 2586 argento

113 2585 194 2644 rasili
219 2581 352 2646 constitit.
371 2583 494 2644 Pecunia
519 2605 555 2644 ex
576 2585 718 2645 manubiis
738 2586 795 2644 lata

137 2665 205 2724 aulb
232 2665 354 2746 amplius
380 2662 471 2726 sexies
495 2664 599 2726 millies
624 2664 793 2726 sestertium.

113 2686 223 2828 hicque
244 2745 287 2806 illi
309 2761 391 2810 tanto
412 2747 477 2812 vito
501 2747 534 2814 dt
555 2763 615 2810 tarn
637 2747 795 2809 clementer
