2014 3620
236 310 384 386 nnn
414 310 570 384 Lim
595 314 650 382 II.
731 333 774 412 57

97 439 234 503 venirent
246 423 429 513 {exclusique
445 433 568 513 paternis
584 423 688 512 opibus
704 430 781 492 libea

98 523 143 592 ri,
161 521 250 585 etiarn
264 515 455 597 petendorum
471 513 615 573 honorum
632 511 693 590 jure
706 533 785 594 pro-⁴*

99 600 296 670 hibetentur3
323 592 489 676 simusque,
512 593 591 676 quod
613 593 784 675 indignissi-·

102 699 183 741 mum
198 677 239 740 est
251 722 261 752 ‚
275 675 436 738 senatorum
451 671 548 736 filii&
563 691 652 736 onera
666 673 784 736 otdinis'

102 759 287 833 sustinerent,
307 757 339 818 &
353 754 415 836 jura
430 754 592 837 perderent.
780 767 784 798 -·

111 879 114 889 -
141 837 282 901 XXIX.
303 835 362 898 Sub
384 836 544 895 adventurn
562 837 592 895 in
612 833 724 897 Italiam
741 833 782 898 [η’

100 919 186 988 Sullae
201 966 211 995 ‚
227 917 283 980 Cn.
300 917 475 998 Pompeius,
493 913 553 995 ejus
569 913 626 976 Cn.
644 915 784 996 Pompeii-

101 1001 190 1075 filius,
198 1020 285 1083 quem
302 994 594 1079 magnificentissimas
608 1017 653 1055 tes
667 999 696 1054 in
708 1011 782 1056 conJ

102 1081 192 1143 sulatu
209 1076 324 1164 gessisse
341 1077 421 1138 bello
434 1075 562 1136 Marsico
579 1077 758 1158 praediximus
766 1092 781 1151 ,·

101 1164 205 1246 viginti
226 1179 284 1222 tres
308 1179 398 1218 annos
425 1173 536 1230 natus,
558 1159 661 1218 abhinc
687 1177 779 1217 annos

102 1260 220 1305 centum
235 1239 395 1312 tredecim,
435 1239 532 1300 rivatis
550 1255 581 1298 ut
598 1239 721 1320 opibus,
740 1241 780 1298 ita

104 1323 232 1384 consiliis
252 1339 355 1402 magna
375 1261 477 1393 ausin,
499 1318 706 1402 magnificsque
728 1332 781 1381 coi

103 1421 170 1466 nata
186 1399 352 1476 exsecutus,
364 1399 400 1460 ad
417 1401 619 1461 vindicandam
633 1398 782 1461 restituenss'

105 1486 233 1566 dumque
242 1483 408 1564 dignitatem
418 1483 514 1564 patriae
521 1524 531 1553 ‚
539 1480 652 1542 firmum
663 1502 700 1541 ex
709 1502 784 1564 agro

105 1565 233 1639 Picen0,
249 1565 299 1646 qui
319 1579 396 1624 totus
414 1564 538 1643 paternis
560 1560 623 1642 ejus
639 1561 783 1623 clientelis

104 1644 226 1707 refertus
244 1661 304 1704 etat
318 1689 328 1717 ,
344 1647 483 1704 contraxit
502 1647 667 1703 exercitum.
688 1641 781 1722 Cujus

104 1729 160 1788 viri
176 1725 341 1808 magnitudo
359 1725 515 1786 multorum
531 1724 712 1785 voluminum
727 1722 783 1782 ins·'
868 1790 873 1797 ¹

105 1826 150 1867 tat
169 1808 257 1886 exigit
273 1824 283 1878 ;
300 1804 350 1866 sed
368 1807 464 1883 operis
479 1803 582 1864 modus
599 1807 695 1884 paucis
716 1824 783 1864 eam

106 1889 214 1947 narrari
233 1883 322 1962 jubet.
339 1883 404 1943 Fuit
423 1884 469 1942 hic
488 1886 600 1965 genitus
616 1901 706 1942 matre
725 1883 785 1943 Lu·

108 1966 194 2037 c-ilid,
213 1963 305 2044 stirpis
324 1962 491 2035 senatoriae,
506 1963 599 2023 sormd
614 1963 783 2036 exceliens,
801 1992 803 1996 ⁴

107 2069 168 2108 non
190 2047 223 2106 ed
241 2088 251 2117 ‚
272 2045 328 2125 qud
352 2045 406 2105 flos
432 2044 650 2106 commendetur
670 2047 787 2122 aetatisg

59 2172 65 2184 .
107 2129 157 2190 sed
178 2149 213 2188 ex
233 2127 369 2208 dignitate
389 2125 548 2200 constanti,
568 2137 638 2208 quae·
651 2128 680 2186 in
703 2127 784 2188 illam

108 2209 287 2270 conveniens
301 2207 538 2288 amplitudinem,
552 2206 699 2266 fortunam
712 2230 785 2289 quo·

22 2333 25 2339 ,
130 2309 166 2350 ue
188 2287 249 2369 ejus
271 2289 307 2348 ad
329 2289 464 2348 ultimum
485 2289 558 2346 vitae‘
582 2289 715 2346 comitata
741 2286 787 2348 est

109 2311 188 2430 diem
202 2390 210 2430 t
222 2369 386 2430 innocentis
403 2368 544 2439 eximius,
556 2364 696 2426 funditate
714 2387 788 2447 prae-

111 2454 227 2530 cignus,
238 2449 402 2531 eloquentis
411 2447 542 2520 medius;
554 2448 708 2529 potentiae,
719 2447 787 2528 qu'at'

93 2597 96 2604 ,
110 2532 231 2592 honoris
247 2531 332 2590 causd
348 2530 384 2589 ad
402 2549 469 2590 eum
486 2526 663 2600 deferretur,
677 2549 737 2588 non
752 2539 788 2589 ut

111 2612 148 2672 ab
170 2632 206 2672 eo
231 2627 449 2692 occupareturq
473 2609 672 2690 cupidissimus
690 2630 702 2684 3
724 2609 787 2669 dutd

110 2690 192 2752 bello
207 2693 392 2770 peritissimus
408 2691 501 2766 3civis
518 2691 548 2750 in
563 2707 634 2772 toga
645 2688 660 2771 (
670 2691 727 2749 nisi
736 2689 788 2748 ubi

110 2787 262 2838 vereretur
279 2793 316 2834 ns
335 2793 423 2855 quem
439 2771 559 2838 heberet
576 2789 676 2911 pgem
686 2769 708 2852 ).
721 2781 791 2839 mox·

644 2871 666 2913 v
