2014 3620
255 281 304 358 34
379 258 415 330 C.
442 261 572 331 Vrzr.
598 241 800 330 Parare.
859 211 861 218 Ι

253 399 369 463 nepos,
382 375 510 439 Africani
523 376 628 438 sororis
645 375 742 450 filius,
758 398 789 439 re
812 378 936 441 etunda·

252 481 376 522 rumex
394 457 570 519 Macedonia
592 458 738 518 damnatus
760 479 776 519 e
811 503 821 534 ‚
841 481 935 542 quum

252 539 288 601 lis
304 538 366 620 ejus
382 556 482 622 quater
494 537 619 599 millibus
634 537 840 612 aestimaretur,
855 541 934 604 adeo

234 621 295 688 ,illi
310 622 366 683 viri
382 622 471 722 magis
488 619 669 682 voluntatem
683 621 822 762 peccandi
837 623 935 684 intue-

253 701 373 774 bantur,
388 721 474 783 quam
489 701 612 761 modum
629 699 681 776 ;sa
710 722 783 783 aque
802 702 840 762 ad
858 725 935 768 εοτι-Δ

253 781 349 843 silium
366 782 420 842 diri
441 782 546 856 ebant,
560 783 593 844 &
611 781 701 864 quid,
716 803 776 843 non
793 783 825 844 in
860 805 935 845 uan-

252 877 317 923 tum
338 801 487 927 admilium
511 861 612 935 foret,
634 860 818 925 aestimabant.
871 867 934 927 irca

253 943 359 1006 eadem
376 960 508 1025 tempora
527 943 570 1004 M.
590 942 622 1004 δι
640 940 677 1004 C.
698 943 811 1004 Metelli
829 942 933 1006 fratres

251 1045 313 1086 uno
330 1025 376 1084 dic
395 1022 651 1106 triumphaverunt.
672 1021 742 1084 Non
760 1026 854 1084 minhs
872 1027 934 1086 cla-

251 1123 318 1166 rum
337 1105 523 1187 exemplum,
542 1105 575 1168 &
591 1103 684 1165 adhuc
705 1106 821 1166 unicum
834 1105 932 1167 Fulvii

171 1232 173 1237 -
251 1185 368 1260 Flacci,
382 1184 467 1266 ejus,
482 1187 531 1282 qui
551 1183 681 1266 Capuam
696 1201 836 1268 ceperat,
854 1185 932 1248 filio·
993 1233 994 1236 η

251 1286 338 1337 rum,
353 1266 403 1326 sed
420 1266 534 1328 alterius
550 1267 580 1326 in
598 1265 786 1347 adoptionem
806 1266 886 1344 dati,
900 1271 932 1328 in

249 1347 328 1407 colle
349 1347 379 1406 io
398 1345 546 1407 consulum
559 1345 630 1421 suit3
648 1346 802 1428 adoptivus
816 1348 846 1408 in
855 1347 932 1412 Aci-

251 1427 312 1488 dini
366 1427 433 1488 anlii
448 1426 584 1488 familiam
602 1426 708 1488 datus:
727 1447 794 1488 nam
812 1427 932 1491 censura

251 1506 461 1590 Metellorum,
473 1508 642 1592 patruelium
654 1528 714 1569 non
726 1527 930 1591 germanorum

249 1587 371 1650 fratrum
394 1588 447 1650 suit
466 1611 476 1664 ;
495 1589 576 1674 quod
596 1587 663 1648 solis
685 1591 845 1672 contigerat
867 1588 931 1652 Sci-

248 1670 395 1752 pionibus.
415 1669 493 1732 Tum
512 1668 623 1732 Cimbri
642 1669 674 1732 δι
693 1667 824 1730 Teutoni
841 1671 930 1731 trans-

250 1751 376 1812 cendere
390 1749 543 1825 Rhenum,
555 1750 651 1811 multis
663 1771 734 1810 mox
744 1750 847 1812 nostris
860 1751 929 1812 suis-

271 1851 308 1893 ue
324 1831 452 1892 cladibus
467 1831 589 1892 nobiles.
606 1829 659 1892 Per
676 1831 778 1891 eadem
795 1847 929 1914 tempora

247 1852 342 1990 iratus
368 1911 430 1992 ejus
450 1911 592 1986 Minucii,
614 1915 664 1994 qui
693 1915 841 1992 porticus,
862 1935 938 1995 quae,

248 1993 396 2079 hodieque
418 1993 546 2052 celebres
565 1991 658 2065 sunt,
680 1994 797 2054 molitus
821 1991 886 2068 est,
910 2015 928 2056 e

247 2070 407 2134 Scordiscis
424 2073 588 2155 triumphus,
598 2071 661 2133 suit.
866 2077 868 2080 ’

289 2151 349 2215 ΙΧ.
369 2151 484 2214 Eodem
499 2152 590 2216 trallu
602 2169 767 2235 temporum
780 2155 929 2215 nituerunt

243 2243 379 2296 'oratores
400 2232 499 2318 Scipio
521 2233 716 2308 AEmilianus,
741 2232 928 2316 Laeliusque,

159 2387 162 2393 Δ
248 2311 311 2378 Ser.
331 2312 453 2390 Galba,
475 2315 535 2378 duo
554 2313 703 2392 Gracchi,
721 2313 758 2376 C.
777 2315 929 2392 Fannius,

248 2393 349 2457 Carbo
359 2397 494 2478 Papirius.
509 2395 573 2458 Nec
586 2395 801 2480 pratereundus
815 2395 930 2458 Metel·

248 2475 294 2537 lus
310 2475 499 2550 Numidicus,
515 2479 548 2539 dt
563 2475 682 2537 Scaunrs
696 2489 708 2551 ,'
722 2477 755 2537 dt
770 2493 837 2536 ante
857 2499 929 2538 om·

247 2567 301 2618 nes
314 2557 349 2618 L.
362 2555 493 2633 Crassus,
508 2560 542 2620 &
557 2557 602 2618 M.
617 2558 772 2618 Antonius.
819 2579 928 2620 uorum

248 2641 325 2698 aetati
337 2638 510 2722 ingeniisque
521 2637 673 2706 successere
692 2635 729 2700 C.
739 2555 834 2697 CaePar
844 2636 928 2701 Stra·

247 2713 310 2796 bo,
328 2718 360 2782 P.
380 2719 520 2802 Sulpicius
538 2741 546 2782 r
566 2739 634 2782 uam
652 2717 695 2801 Q.
719 2716 837 2781 Mucius
852 2717 928 2803 juris
