2014 3620
253 307 392 378 Hrsr.
418 307 572 376 Lrura
598 308 655 376 ΙΙ.
735 311 782 417 6¹9

100 447 199 492 novas
211 427 332 508 imperio
346 422 443 486 nostro
456 422 599 504 subjunxit
611 425 786 506 provincias.

105 511 150 572 Ut
161 509 211 568 has
223 509 327 576 armis,
339 509 378 566 ita
391 503 556 572 auderitate
568 503 787 586 Cappadociam

107 589 220 672 populo
242 587 375 648 Romano
399 585 468 646 fecit
486 585 705 669 stipendiariam.
726 584 788 650 Sed

108 688 286 730 revertamur
303 669 340 728 ad
354 667 497 728 ordinem.

148 749 214 812 XL.
235 748 337 810 Secuta
357 749 463 810 deinde
484 746 541 809 Cn.
559 747 691 830 Pompeii
708 747 785 808 mili·

102 833 165 902 tia,
178 831 275 913 gloriae
291 827 431 890 laborisne
442 826 561 909 majoris
578 831 719 904 incertum
732 827 787 893 est.

101 911 263 978 Penetratae
282 931 348 970 cum
365 907 486 969 vidoria
503 907 623 980 Media,
639 909 786 980 Albania,

101 991 224 1065 Iberia3
245 1013 279 1051 ac
298 990 404 1056 deinde
424 990 533 1050 flexum
555 1009 658 1070 agmen
676 990 713 1050 ad
735 1009 785 1050 eas

105 1075 258 1146 nationes,
278 1093 342 1153 quae
363 1071 463 1132 dextra
479 1086 564 1151 atque
583 1071 683 1128 intima
699 1069 785 1133 Ponti

104 1153 261 1227 incolunt,
288 1149 419 1218 Colchos
441 1195 452 1223 ,
474 1149 701 1230 Heniochosque
720 1195 732 1225 ,
751 1152 786 1212 δι

100 1232 234 1294 Achaeos
249 1253 258 1304 ;
276 1232 309 1292 &
325 1229 472 1312 oppreffus
488 1229 618 1312 auspiciis
633 1230 785 1312 Pompeii,

105 1314 214 1374 insidiis
231 1311 282 1372 filii
306 1311 476 1384 Pharnacis,
493 1311 701 1385 Mithridates„
715 1311 783 1371 ulti·

105 1415 173 1454 mus
188 1394 318 1454 omnium
334 1391 401 1473 jutis
413 1392 453 1453 sui
465 1413 586 1476 regum,
600 1408 703 1475 praeter
714 1391 783 1457 Par-

104 1475 211 1546 thiros.
229 1472 308 1534 Tum
329 1472 420 1534 vidos
440 1477 591 1546 omnium,
614 1494 683 1555 quas
701 1473 783 1534 adie-

102 1573 170 1627 rat,
181 1556 309 1637 gentium
320 1553 492 1636 Pompeius,
508 1553 558 1614 suo
579 1574 615 1614 ue
629 1556 660 1616 &
674 1555 783 1615 civium

106 1653 181 1696 voto
202 1632 316 1714 major,
335 1637 367 1697 δ(
385 1657 437 1716 per
455 1637 552 1696 omnia
560 1575 713 1710 4dortunam
728 1635 782 1696 ho·

105 1719 191 1778 minis
211 1713 352 1798 egressus,
371 1718 489 1776 revertit
507 1719 535 1774 in
555 1715 675 1776 Italiam.
688 1713 784 1794 Cujus

104 1797 230 1857 reditum
246 1794 433 1856 favorabilem
451 1797 551 1875 opinio
563 1793 688 1856 fecerat:
700 1798 787 1876 quip·.

105 1897 145 1958 pe
165 1875 296 1956 plerique
320 1896 379 1936 non
401 1877 461 1934 sine
482 1877 608 1942 exercitu
628 1891 783 1944 venturum

105 1961 137 2018 iu
155 1955 268 2016 Urbem
288 1953 481 2028 affirmabant,
500 1957 531 2016 &
547 1954 671 2016 libertati
687 1955 782 2035 publi-

9 2100 12 2108 ,
105 2060 149 2099 cae
167 2034 336 2096 statutarum
355 2035 471 2110 arbitrio
488 2035 538 2098 suo
558 2036 689 2098 modum.
706 2033 781 2116 Qub

105 2120 198 2200 magis
215 2117 271 2177 hoc
288 2117 418 2178 homines
435 2119 606 2191 timuerant,
623 2119 660 2178 eb
675 2121 781 2199 gratior

20 2257 22 2260 .
105 2201 198 2261 civilis
214 2199 284 2258 tanti
295 2200 475 2279 imperatoris
488 2199 594 2258 reditus
609 2197 682 2258 fuit:
699 2201 780 2258 omni

106 2282 216 2362 quippe
236 2279 379 2340 Brundisii
403 2277 511 2338 dimisso
537 2280 691 2348 exercitu,
710 2279 780 2338 nihil

104 2377 212 2442 praeter
230 2379 338 2420 nomen
354 2359 534 2439 imperatoris
552 2359 677 2416 retinens
689 2401 701 2431 „
713 2379 780 2420 cum

72 2504 74 2508 ,
105 2443 221 2523 privato
237 2441 393 2508 comitatu,
430 2459 497 2498 uem
514 2437 625 2518 semper
639 2437 678 2498 illi
693 2460 780 2516 vacaf

104 2543 137 2581 re
156 2521 245 2580 moris
262 2518 334 2592 fuit,
351 2521 380 2578 in
397 2459 511 2580 &rbem
526 2519 631 2593 rediit3
648 2519 783 2659 mapnifi·¹

103 2602 358 2682 centissimumque
370 2599 407 2660 de
419 2616 464 2672 tot
474 2600 587 2682 regibus
593 2619 649 2690 per
659 2600 692 2679 bi,
711 2621 779 2660 uum

106 2682 167 2762 egit
178 2680 372 2760 triumphum,
387 2679 530 2763 longe'que
544 2700 685 2760 majorem
697 2683 779 2742 omni

103 2779 173 2834 ante
187 2759 217 2824 se
232 2759 310 2826 illata
322 2762 446 2848 pecunia
455 2764 486 2824 iu
497 2763 647 2837 aerarium,
659 2777 780 2844 praeter·
