2014 3620
224 333 362 402 Hrsr.
389 333 540 400 mm
564 333 620 402 rr.
716 305 762 428 ‘29

84 453 207 516 dentem
229 471 265 512 ex
288 447 360 511 Asia
401 447 581 510 roconsulem
604 453 766 512 interemis-

84 533 140 594 set.
154 526 231 592 Et'P.
241 527 337 612 Scipio
347 471 500 592 Adicanus
509 529 681 590 AEmilianus
692 577 701 605 ,
714 534 764 613 qui

86 610 196 674 Cartha
216 613 291 672 inem
310 611 473 685 deleverat,
491 610 555 693 post
570 629 615 672 tot
630 632 764 694 acceptas

85 694 162 756 circa
181 633 367 754 riumanriam
386 693 503 762 clades,
525 711 636 754 creatus
655 696 762 754 iterum

86 773 184 835 consul
193 818 205 846 ‚
223 771 373 854 miffusque
387 776 416 832 in
435 770 620 854 Hispaniam,
639 773 762 834 fortunae

84 857 259 937 virtutique,
277 853 408 936 expertae'
426 855 455 914 in
472 852 595 926 Africa,
614 854 767 934 respondit·

82 937 114 996 in
131 933 288 1016 Hispania3
304 937 337 996 &
351 937 425 993 intra
439 955 544 994 annum
559 955 591 992 ac
607 952 665 994 tres
681 956 762 994 men·

82 1015 150 1086 ses,
183 1013 250 1074 uim
267 1015 303 1074 eb
320 1030 460 1085 venerat,
473 1014 678 1073 circumdatam
691 1036 762 1097 ope·
784 1015 790 1024 '

82 1037 362 1156 ribusiiumantiam
378 1092 560 1174 excisamque
576 1097 700 1174 aequavit
718 1095 732 1154 s
749 1129 768 1144 ·-

81 1175 113 1236 lo
130 1197 137 1235 ε
155 1196 208 1237 nec
229 1173 376 1255 quisquam
396 1173 481 1234 ullius
502 1176 593 1256 gentis
609 1177 762 1238 hominum

79 1271 151 1332 ,ante
170 1275 237 1316 eum
254 1255 372 1316 clariore
393 1254 505 1316 urbium
523 1255 634 1314 excidio
653 1276 761 1318 nomen

82 1334 166 1396 suum
190 1333 338 1416 perpetuae
363 1332 762 1400 commendavitmemotiae'.

85 1414 229 1497 Quippe,
246 1413 523 1498 excisii-Carthagine
539 1439 570 1475 ac
583 1415 760 1493 Numantii,

80 1493 121 1556 'ab
145 1496 259 1554 alterius
276 1517 328 1556 nos
347 1517 428 1558 metu
439 1502 457 1568 ,'
469 1499 583 1561 alterius
599 1500 760 1562 vindicavit

83 1577 278 1636 contumeliis.
305 1575 383 1652 Hic,
408 1598 474 1636 eum
494 1580 687 1660 interrogante
708 1581 761 1638 tri·

82 1656 163 1718 buno
176 1655 335 1728 Carbone,
356 1659 423 1734 quid
439 1663 471 1718 de
486 1659 543 1719 Tib.
558 1661 676 1720 Gracchi
691 1661 761 1721 cade

76 1733 214 1818 sentiret?
233 1737 399 1816 respondit,
416 1739 441 1796 si
456 1743 482 1798 is
499 1743 660 1820 occupando:
676 1743 712 1798 rei
731 1763 762 1800 u·

84 1819 162 1877 blicae
183 1819 302 1877 animum
324 1817 455 1894 habuiffet
466 1861 478 1886 ,
494 1815 556 1895 jure
577 1817 680 1896 cusum.
702 1762 760 1892 iit,

85 1916 177 1977 quum
187 1899 280 1955 omnis
291 1897 393 1955 concio
403 1894 582 1956 adclamaffet
596 1919 603 1956 :
614 1901 761 1980 Hostium,

83 1978 198 2060 inquit,
215 1995 376 2036 armatorum
394 1979 473 2036 toties
488 1977 601 2036 clamore
616 2001 669 2038 norr
687 1983 762 2040 terri·

82 2075 149 2128 tus,
170 2057 222 2136 qui
229 2055 334 2138 poffirm
352 2060 433 2141 vestro
452 2059 571 2130 moveri,
585 2081 695 2138 quorum
710 2083 760 2122 rio·

81 2140 161 2202 ‘verca
178 2141 213 2219 est
228 2139 343 2198 Italia?
357 2137 500 2198 Reversus
516 2142 545 2197 in
561 2139 694 2212 Urbem,
713 2143 760 2202 in·
810 2143 823 2160 ’

79 2237 125 2281 tra
141 2219 233 2278 breve
250 2235 383 2298 tempus,
400 2218 453 2280 Μ’.
463 2217 611 2300 Aquinio,
626 2219 663 2282 C.
678 2220 760 2303 Sem-

79 2301 186 2381 pronio
210 2297 278 2358 cosi.
298 2299 402 2358 abhinc
421 2319 510 2360 annos
534 2316 650 2360 centum
673 2303 760 2380 quin·

79 2381 242 2462 quaginta,
264 2377 329 2460 post
351 2379 423 2438 duos
446 2377 605 2442 consulatus
630 2379 758 2461 duosque

77 2459 263 2543 triumphos,
284 2459 378 2520 &bis
397 2458 506 2520 excisos
522 2475 644 2520 terrores
663 2463 758 2540 reipu-

77 2540 186 2613 blicae,
205 2541 288 2598 mane
306 2542 335 2598 in
352 2537 457 2600 ledulo
474 2558 605 2620 repertus
622 2537 661 2618 est
678 2563 759 2600 mor-

78 2637 168 2694 tuus,
189 2622 228 2679 ita
244 2636 276 2679 ut
291 2620 423 2700 quaedam
440 2619 569 2680 elisarum
586 2619 711 2680 faucium
728 2624 758 2682 in

80 2699 197 2760 cervice
220 2703 412 2780 reperirentur
431 2719 517 2762 notae.
542 2699 590 2760 De
609 2704 679 2760 tanti
702 2701 759 2764 viri

78 2795 179 2843 morte
193 2779 278 2842 'nulla
300 2781 395 2843 habita
417 2779 457 2844 est
478 2777 758 2922 quaesti‘1'33..ii¹¹sq¹²³

626 2879 654 2940 u]
750 2883 752 2888 ·
