2020 3618
262 245 404 314 Hiar.»
429 245 588 314 Lraaa
613 203 668 318 Ii.
744 242 786 354 85

113 355 209 446 rege,
226 363 274 502 qpqi
294 365 461 423 venientem
481 361 538 424 Cn.
555 363 725 445 Pompeium
745 364 798 446 (is-

115 443 176 523 jam
200 465 218 502 a
272 443 388 523 ytilenis
415 441 583 504 Corneliam
604 465 725 505 uxorem
748 460 794 505 're-

17 557 20 568 ν
117 541 232 604 ceptam
249 525 278 583 in
296 544 420 595 navem,
439 521 514 606 fugae
533 527 670 586 comitem
686 525 795 586 habere

118 603 265 686 coeperat)
277 605 396 664 consilio
406 603 557 666 Theodoti
568 607 600 666 ὃ(
610 604 730 666 Achillae
745 627 794 668 ex-

34 699 44 707 ”
118 686 266 764 ciperem,
288 685 526 766 hortarenturque
551 703 584 744 ut
606 707 642 746 ex
662 689 793 746 oneraria

116 765 147 824 in
163 785 226 826 eam
243 767 371 837 narem,
389 785 452 846 quae
466 766 585 826 obviam
600 765 793 848 processerat,

115 844 350 906 transcenderet:
368 845 447 926 quod
466 865 555 926 quum
571 844 697 922 fecisset,
713 851 794 928 prin-

115 946 187 1007 ceps
208 924 334 986 Romani
352 926 499 1000 nominis,
520 927 560 984 im
583 929 644 986 erio
664 929 793 988 arbitrio·

74 1041 78 1046 -
115 1013 174 1088 que
182 1005 315 1089 AEgyptii
323 1007 459 1087 mancipii
470 1050 482 1076 ‚
494 1003 531 1066 C.
570 1005 674 1080 aesare',
685 1006 715 1068 P.
728 1006 794 1070 Ser-

115 1088 189 1148 vilio
202 1085 268 1147 coss.
280 1085 424 1168 jugulatus
439 1085 491 1146 esi.
509 1085 564 1146 Hic
577 1086 641 1168 post
654 1106 711 1148 tres
722 1107 800 1149 con-·

114 1165 221 1226 sulatus
240 1167 273 1227 ὅ(
291 1167 415 1227 totidem
433 1167 617 1248 triumphos,
636 1167 795 1228 domitum-

114 1267 175 1329 que
191 1263 329 1308 rerrarum
345 1247 465 1317 orbem,
480 1246 643 1307 sandissimi
659 1270 692 1309 ac
711 1248 795 1332 praes·

113 1329 267 1388 tantissimi
290 1330 370 1399 viri,
392 1329 421 1386 in
442 1328 473 1386 id
494 1327 586 1388 evedi
607 1327 690 1410 super
713 1331 794 1411 quod

113 1404 231 1469 ascendi
254 1428 313 1468 non
338 1405 464 1489 potest,
488 1407 793 1492 duodesexagesimum

113 1488 225 1548 annum
234 1489 341 1570 agentis
351 1531 361 1560 ‚
371 1488 461 1568 pridie
473 1490 595 1549 natalem
607 1493 713 1570 ipsius,
724 1491 795 1552 vitae

112 1569 170 1630 suit
195 1571 312 1644 exitus3
334 1571 363 1627 in
384 1585 494 1630 tantum
515 1571 545 1629 in
570 1569 621 1630 illo
641 1573 707 1630 viro
730 1571 795 1631 ase

111 1648 297 1710 discordante
322 1647 465 1722 fortund,
489 1665 544 1720 ut,
573 1653 618 1709 cui
640 1651 731 1710 modb
757 1651 795 1711 ad

110 1730 269 1792 vidoriam
289 1747 363 1790 terra
384 1728 536 1802 defuerat,
562 1727 669 1790 deesset
692 1731 728 1789 ad
751 1730 796 1791 se-

110 1811 269 1892 pulturam.
287 1808 371 1888 Quid
389 1809 486 1881 aiiud,
503 1809 588 1890 quam
607 1812 796 1870 nimium'oc·

104 1907 238 1973 vcupatos
261 1889 409 1963 dixerim,
431 1910 504 1970 quos
522 1891 552 1947 in
571 1907 653 1950 aetate
675 1893 707 1952 ὃ(
725 1893 796 1952 tanti

111 1973 147 2036 &
163 1991 242 2054 pene
255 1968 344 2030 nostri
360 1968 444 2030 seculi
455 1971 509 2030 viri
522 1969 624 2030 fefellit
634 1973 800 2054 quinquen-

110 2055 197 2113 nium
216 2052 230 2113 ?
249 2071 338 2134 quum
355 2072 371 2110 a
388 2047 425 2110 C.
445 2049 536 2111 Atilio
558 2054 590 2114 &
610 2050 652 2132 Q.
669 2049 796 2114 Servilio

111 2132 279 2195 consulibus
301 2149 361 2191 tarn
382 2129 473 2190 facilis
497 2129 564 2192 esset
584 2153 725 2193 annorum
750 2135 796 2194 di·

111 2213 210 2352 pestio
231 2235 239 2273 ε
259 2213 339 2295 quod
361 2209 472 2290 adjeci,
489 2232 550 2272 non
571 2229 602 2284 ut
621 2233 797 2294 arguerem,

125 2293 165 2354 ed
186 2311 227 2353 ne
242 2313 271 2352 ar
292 2299 385 2352 uerer'.

155 2363 237 2433 LlV.
290 2395 328 2432 on
350 2371 404 2436 suit
422 2388 520 2432 tamen
539 2369 630 2450 major
649 2371 678 2431 in
700 2370 797 2433 Caesa-

109 2475 178 2515 rem
201 2452 315 2534 ,quam
336 2455 366 2512 in
388 2452 558 2534 Pompeium
579 2451 669 2512 fuerat
689 2497 698 2526 ,
720 2457 797 2534 regis
868 2491 873 2497 ·

111 2553 223 2604 eorum
244 2553 299 2608 ue,
319 2553 442 2614 quorum
455 2535 479 2592 is
495 2531 658 2592 audoritare
676 2535 796 2614 regeba-

110 2634 186 2687 tur,
203 2555 277 2673 ddes
293 2636 300 2674 :
317 2616 424 2695 quippe
438 2634 527 2695 quum
542 2615 707 2674 venientem
727 2635 795 2672 eum

108 2691 388 2775 tentassentinsidiis
395 2694 561 2772 ,acdeinde
572 2693 651 2757 bello
662 2690 796 2756 lacessere
