2020 3618
235 334 282 430 78
364 331 400 405 C.
429 335 560 404 Vnnz.
586 329 782 402 Pirene.

235 451 379 516 aestatibus
390 473 400 524 ς
412 453 464 512 vix
481 449 539 510 ulla
555 470 615 511 non
630 446 797 528 justissimus
812 445 920 511 triuni-

234 536 311 617 phus
329 536 473 594 emeritus.
487 529 574 592 Circa
589 530 719 592 Alesiam
736 532 809 593 ,veto
827 549 918 592 tantae

234 635 283 676 tes
292 613 547 754 ffiestaesquantas
566 611 672 672 audere
694 613 744 670 vix
764 611 917 685 hominis;

259 715 289 755 er
313 714 378 754 cere
420 713 473 753 ene
491 693 618 765 nullius,
640 693 694 752 nisi
717 689 798 765 Dei,
818 690 917 754 fuerit.

236 717 368 856 §optimo
399 774 478 834 orme
496 794 572 833 anno
590 771 687 834 caesar
703 773 871 834 morabatur
885 777 917 833 in

237 853 373 930 Galliis,
399 875 489 937 quum
513 854 642 914 medium
663 851 721 933 jam
744 874 781 913 ex
801 853 917 914 invidia

237 938 380 1017 potentia
392 935 466 996 mall
481 935 652 996 cohaerentis
669 936 742 994 inter
756 932 813 995 Cn.
827 932 916 995 Potn-

260 1018 336 1077 eium
352 1017 384 1078 δι
401 1013 437 1077 C.
451 1013 592 1077 Caesatem
611 1012 774 1076 concordiae
790 1016 916 1097 pignus,

237 1037 314 1156 dulia
331 1117 405 1156 uxor
425 1095 525 1178 Magni
545 1094 669 1156 decessit
685 1115 694 1169 3
712 1109 797 1176 atque
818 1096 918 1156 omnia

234 1176 313 1238 inter
328 1173 483 1237 destinatos
500 1191 579 1236 tanto
597 1172 750 1236 discrimini
765 1174 855 1235 duces
871 1173 918 1235 di-

238 1259 363 1318 rimente
378 1255 526 1327 Formi,
541 1252 615 1316 filius
631 1274 747 1337 quoque
763 1252 917 1338 Pompeii,

239 1335 315 1397 Juliit
340 1353 445 1407 natus,
468 1337 542 1396 intra
566 1335 656 1396 breve
683 1332 805 1431 spatium
831 1337 916 1398 obiit.

239 1415 320 1478 Tun
337 1418 367 1475 in
384 1415 495 1498 gladios
513 1413 663 1497 caedesque
680 1417 787 1476 civium
801 1412 918 1478 furente

236 1497 370 1572 ambitu,
383 1493 463 1577 cujus
474 1516 569 1578 neque
581 1493 645 1556 finis
657 1516 686 1557 te
710 1496 853 1560 edebatur
863 1517 917 1559 neo

239 1578 367 1648 modus,
385 1579 487 1638 tertius
504 1575 666 1637 consulatus
684 1517 737 1638 doli
755 1575 810 1639 Cn.
828 1577 919 1640 Pom·

220 1652 327 1741 ¹pelo,
350 1658 436 1717 etiam
461 1655 671 1718 adversantium
697 1674 781 1718 antea
807 1658 918 1741 dignati

237 1737 302 1819 ejus
321 1738 429 1818 judicio
449 1737 560 1798 delatus
578 1735 619 1798 est
638 1760 645 1798 ι
661 1735 740 1817 cujus
758 1737 809 1799 ille
824 1740 918 1800 hono·

237 1822 278 1881 ris
290 1821 399 1905 gloria,
414 1819 504 1881 veluti
520 1817 709 1880 reconciliatis
728 1818 781 1879 sibi
794 1822 919 1901 optima·

238 1902 338 1974 tibus,
353 1901 476 1960 maxime
493 1921 509 1958 a
527 1897 563 1961 C.
577 1897 689 1965 Caesne
702 1899 839 1964 alienatus
853 1899 915 1962 est:

237 1981 291 2043 sed
309 1981 370 2061 ejus
388 1979 549 2040 consulatis
567 2001 685 2041 otnnetn
705 1982 766 2041 vim
782 1981 812 2041 in
832 1985 918 2042 eo‘e‘t·

239 2065 378 2122 titionem
395 2060 518 2122 ambitus
537 2063 674 2122 exercuit.
692 2059 765 2140 Quo
784 2079 918 2144 tempore

237 2141 271 2203 P.
290 2139 413 2203 Clodius
433 2163 449 2200 a
467 2139 602 2216 Milone,
616 2143 769 2203 candidato
786 2142 919 2204 consula-

237 2220 306 2296 tds,
323 2222 460 2302 exemplo
477 2220 588 2294 inutili,
606 2220 680 2282 fado
698 2221 808 2283 salutari
824 2227 920 2306 reipu-

133 2366 139 2381 ,
237 2301 342 2378 blicae,
356 2305 431 2364 circa
445 2301 593 2376 Bovillas,
611 2302 753 2363 contradi
768 2323 805 2362 ex
816 2325 920 2364 occur·

237 2382 270 2444 su
285 2384 365 2457 tixd,
381 2383 525 2524 juffulatus
539 2381 590 2444 est.
605 2383 748 2450 Milonem
761 2404 843 2444 reum
857 2405 919 2445 non

238 2466 330 2559 tnagis
346 2466 405 2524 invi
428 2466 455 2524 ia
471 2463 555 2536 fatti,
578 2463 817 2558 qudml’ompeii
836 2465 921 2525 dam·

236 2541 922 2706 3:122llll¹¹²2ltssl5lnllll¹sslulli

237 2707 375 2765 maturius
397 2703 523 2776 tuliffet‚
546 2725 606 2764 non
627 2703 778 2764 deiuiffent
799 2711 850 2786 qui
874 2706 922 2770 se-

238 2801 395 2870 querentur
412 2785 600 2866 exemplum,
616 2786 832 2868 probarentque
851 2807 921 2848 eum
