2014 3620
248 283 387 355 Hrsr.
412 286 566 354 Lrusn
592 283 649 352 ΙΙ.
732 297 779 392 77

103 406 154 492 qui
172 417 268 485 'neque
285 406 392 486 petitus
411 401 530 464 honeste
549 402 584 461 ab
604 401 666 474 his,
685 409 781 483 sieque

7 487 9 495 ⁴
126 485 291 548 robabilirer
302 484 394 567 gestus
413 483 462 544 est.
473 482 579 545 Caesari
592 483 678 564 lege,
695 503 781 563 quam

103 511 260 649 iompeius
275 567 310 625 ad
323 566 465 646 populum
476 565 560 634 tulit,
577 579 738 644 prorogatae
751 565 782 622 in

104 648 184 717 idem
199 646 318 729 spatium
332 648 471 726 temporis
488 646 644 726 provinciae
658 665 667 716 ;
681 640 782 704 Crasso

105 728 213 789 bellum
230 727 393 788 Parthicum
404 730 432 784 in
445 728 542 786 animo
553 727 686 785 molienti
696 722 782 804 Syria

105 808 241 869 decreta:
274 811 303 868 ui
315 809 361 868 vir
371 823 465 866 cetera
475 805 660 865 saniiissimus
674 802 785 864 immu-<

103 888 203 970 nisque
225 831 451 968 viiuptatibus,
475 905 511 944 ne
534 905 569 944 ue
591 888 618 943 in
641 887 785 965 pecunia,

104 989 200 1050 neque
224 971 254 1026 in
279 969 371 1050 gloria
393 907 620 1046 concupiicenda
643 983 691 1024 aut
716 985 783 1026 mo·

106 1049 176 1108 dum
192 1047 290 1120 norat,
311 1065 358 1108 aut
370 1069 402 1106 ca
425 1048 500 1106 iebat
516 1047 679 1106 terminum.
696 1044 783 1104 Hunc

126 1127 334 1189 rofrciscentem
351 1131 379 1186 in
396 1069 422 1186 i)
440 1130 508 1185 riam
521 1126 587 1185 diris
599 1146 666 1185 cum
680 1127 784 1184 omini-

104 1151 159 1270 ius
177 1209 282 1269 tribuni
318 1209 390 1270 lebis
407 1149 505 1266 [instra
523 1207 648 1266 retinere
665 1207 783 1279 conari3

106 1309 231 1369 quorum
252 1231 484 1362 exticrationes,
504 1290 528 1346 si
552 1289 582 1346 in
604 1285 695 1367 ipsum
721 1304 783 1344 tan·

106 1368 262 1430 tummodo
290 1365 470 1440 valuiiienr,
502 1367 571 1426 utile
603 1369 783 1448 imperatoris

108 1449 265 1518 damnum,
282 1447 360 1508 salvo
380 1450 525 1520 exercitu,
542 1445 632 1508 fuiffet
650 1447 784 1528 reipubli÷

107 1550 160 1590 cae.
171 1527 384 1610 Transgressum
394 1528 558 1608 Euphraten
573 1525 722 1600 Crassum,
736 1549 785 1608 pe·

106 1627 276 1690 tentemque
294 1607 471 1680 Seleuciam,
488 1607 665 1668 circumfusis
683 1610 785 1668 imma·

106 1691 191 1751 nibus
217 1691 310 1772 copiis
336 1692 486 1770 equitum,
506 1707 555 1748 rex
584 1687 702 1752 Orodes
729 1689 785 1762 uni

107 1791 175 1832 cum
196 1788 277 1850 parte
299 1767 410 1849 majore
435 1767 560 1826 Romani
581 1768 720 1828 exercitiis
741 1771 786 1827 in-

107 1850 226 1912 teremit
245 1871 252 1908 :
272 1849 405 1930 reliquias
424 1847 570 1988 legionum
589 1845 624 1908 C.
647 1845 784 1920 Cassius„

107 1931 282 1992 atrocissimi
310 1951 379 1988 mox
409 1950 443 1988 au
473 1949 507 1988 or
522 1927 666 1990 ‘facinoris
689 1974 698 2003 ,
724 1946 787 1990 tum

107 2009 261 2094 quaestor‚
285 2009 491 2080 conservavit,
514 2007 685 2092 Syriamque
711 2011 785 2071 adeo

83 2147 87 2152 .
107 2094 139 2152 in
162 2091 262 2173 populi
286 2089 412 2152 Romani
435 2089 575 2172 poiestate
598 2093 733 2165 retinuit,
757 2111 787 2153 ut

106 2170 289 2254 transgreffos
311 2174 341 2232 in
364 2191 428 2232 eam
452 2171 568 2232 Parthos
591 2171 668 2231 felici
690 2193 787 2232 rerum

109 2269 217 2312 eventu
235 2251 346 2333 fugaret
366 2273 399 2310 ac
417 2250 559 2311 funderet.

150 2329 271 2392 XLVII.
283 2331 337 2392 Per
349 2331 409 2391 haec
422 2329 668 2411 insequendoque,
678 2331 710 2392 &
722 2352 787 2413 quae

107 2412 293 2494 prediximus
304 2431 455 2492 tempora,
467 2411 586 2490 amplius
598 2411 787 2493 quadringena

108 2511 138 2553 ta
155 2491 243 2558 millia
259 2491 382 2554 hostium
401 2515 416 2550 a
432 2489 468 2552 C.
483 2489 595 2552 Caesare
613 2489 681 2550 caesa
701 2490 786 2564 sunt,

108 2574 193 2654 plura
210 2589 302 2653 capta.
318 2573 475 2654 Pugnatum
492 2570 566 2652 saepe
585 2570 689 2633 dire&
705 2575 787 2644 acie,

108 2653 186 2732 saepe
210 2656 239 2710 in
264 2655 450 2734 agminibus,
470 2651 544 2732 saepe
569 2650 788 2732 eruptionibus:

107 2735 153 2796 bis
171 2749 317 2816 penetrata
340 2733 511 2796 Britannia:
530 2753 640 2796 novem
662 2729 788 2812 denique

604 2810 685 2889 Diij
753 2889 756 2896 ,
