2020 3618
238 262 386 336 Hirr.
413 265 569 336 Lrnnn
594 263 648 334 II.
712 287 778 358 ¹29

96 411 107 426 ff
142 381 299 446 XCVIII.
320 381 476 456 Dum'ea‚
495 401 558 462 quae
577 381 780 462 praediximus,

99 465 132 526 in
144 465 287 526 Pannonia
298 463 513 545 Germaniaque
531 480 686 546 geruntur,
699 480 782 522 atrox

101 547 132 606 in
151 545 276 606 Thracia
294 545 403 605 bellum
423 560 542 618 ortum,
565 544 698 604 omnibus
719 541 782 622 ejus

122 630 198 688 entis
213 626 375 686 nationibus
391 627 420 684 in
435 646 514 690 arma
528 626 675 698 accensis,
687 623 720 684 L.
734 623 782 690 Pi-

96 646 176 768 ,Ionis
186 751 197 782 ‚
208 695 301 789 ‘quem
316 705 461 787 hodieque
474 705 725 844 diligentissimum
738 721 782 764 at·
842 777 847 794 x

38 861 40 867 y
99 809 158 870 que
181 787 317 848 eumdem
336 787 513 852 lenissimum
541 787 684 846 ecuritatis
700 785 782 846 urba·

95 889 148 928 nae
160 867 311 928 custodem
328 866 466 928 habemus
478 908 488 938 ,
500 866 591 928 virtus
606 868 783 947 compressit.

98 947 226 1029 Quippe
245 948 355 1029 legatus
374 944 493 1008 Caesaris
512 947 634 1014 triennio
652 967 719 1012 cum
738 947 782 1006 his

96 1029 242 1101 bellavit;
259 1025 413 1110 gentesque
429 1026 640 1101 ferocissimas,
656 1027 782 1109 plurimo

95 1130 169 1170 cunr
189 1129 287 1168 earum
306 1108 440 1181 excidio,
458 1129 533 1168 nunc
551 1111 632 1182 acie,
644 1129 720 1168 nunc
735 1129 783 1168 ex-

97 1189 347 1271 pugnationibus,
367 1191 396 1250 in
414 1187 562 1270 pristinum
576 1191 655 1270 pacis
671 1189 783 1271 redegit

96 1270 247 1343 modum,
264 1267 380 1351 ejusque
402 1272 562 1351 patratione
580 1270 659 1330 Asiae
678 1268 783 1331 securi.-

92 1355 195 1412 ¹intem
212 1395 222 1424 ,
242 1349 424 1415 Macedoniae
448 1371 550 1432 pacem
574 1351 709 1412 reddidit.
731 1349 781 1412 De

119 1452 160 1492 uo
174 1433 240 1492 viro
252 1430 309 1492 hoc
323 1429 456 1490 omnibus
472 1430 649 1492 sentiendum
663 1455 694 1494 ac
707 1454 782 1514 prae-

95 1453 260 1573 dicandum
279 1510 341 1585 est,
359 1510 414 1572 eIIe
433 1533 530 1574 mores
548 1509 609 1591 ejus
629 1514 732 1596 vigore
748 1535 780 1574 ac

94 1592 222 1654 lenitate
246 1593 454 1665 mixtissimos,
478 1594 510 1654 &
532 1595 583 1653 vix
607 1615 781 1675 quemquam

92 1676 223 1754 reperiri
242 1672 341 1756 poste,
359 1676 407 1755 qui
425 1689 472 1732 aut
491 1675 584 1732 otium
601 1675 721 1734 validius
738 1675 781 1734 di·
817 1726 820 1733 .

94 1757 191 1838 ligat,
210 1771 258 1814 aut
269 1752 377 1814 facilins
391 1751 508 1812 sufficiat
524 1756 662 1835 negotio,
677 1755 709 1818 &t
723 1777 782 1814 ma-

94 1840 163 1918 gis,
182 1855 248 1914 quae
264 1834 374 1915 agenda
391 1832 471 1907 sunt,
488 1851 567 1894 curet
585 1837 645 1894 sine
661 1835 721 1894 ulla
735 1836 780 1896 os·

94 1918 261 1978 tentatione
282 1935 297 1974 a
319 1915 394 1976 endi.

89 2039 93 2046 -
139 1993 288 2057 XCIX.
334 1999 396 2058 revi
421 1992 573 2076 interjedo
596 1995 688 2080 spatio
710 1995 779 2061 Tib.

91 2076 213 2148 Nero,
240 2075 353 2136 duobus
380 2076 570 2139 consulatibus
598 2081 780 2163 totidemque

93 2157 254 2238 triumphis
271 2157 359 2228 adis,
377 2159 528 2220 tribunitiae
548 2159 695 2240 potestatis
709 2183 782 2220 con-

89 2237 230 2300 sortione
251 2255 376 2320 aequatus
400 2237 532 2319 Augusto
554 2282 563 2312 ‚
587 2242 693 2299 nivium
717 2239 780 2320 post

93 2337 193 2380 unum
203 2315 215 2397 (
225 2319 257 2378 δι
266 2318 344 2392 hoc,
362 2322 428 2399 quia
438 2318 557 2378 volebat
569 2315 603 2400 )‚
619 2323 783 2380 eminentis·

92 2401 208 2466 simus,
223 2398 331 2460 ducum
346 2402 506 2469 maximus,
521 2398 597 2461 fami
610 2399 782 2482 fortunisque

91 2478 325 2550 celeberrimus,
343 2481 375 2540 δι
391 2481 462 2539 vere
478 2480 603 2539 alterurn
616 2483 782 2562 reipublicae

90 2561 202 2620 iumen
220 2557 252 2616 &
269 2577 372 2640 caput,
384 2560 456 2619 miri
474 2560 599 2639 quadam
615 2563 647 2623 &
661 2563 784 2623 incredi-

90 2639 149 2702 bili
163 2654 250 2716 atque
266 2640 445 2700 inenarrabili
458 2643 565 2722 pietate
573 2639 681 2782 &cujus
693 2643 782 2704 causae
847 2680 850 2686 ·

90 2739 179 2814 more
197 2717 315 2784 detedae
336 2718 427 2804 sunt)
453 2742 548 2814 ‘quum
597 2725 664 2862 lqius
688 2723 782 2787 Cesar

610 2843 612 2848 ·
640 2825 662 2865 n
