2014 3620
245 277 267 354 8
366 258 791 350 ammenta.

243 396 429 465 Macedoniae
457 397 641 536 οεειιξινίτ,
671 417 772 480 aquo
794 395 922 480 Magnus
995 461 997 472 A

244 478 414 558 Alexandet
427 498 516 573 quum
564 480 616 538 erit
627 475 921 556 septimadecima,

244 556 923 721 {iiiiiiiiiieggiiiiiui{iiiiiii'sli

248 724 283 782 de
303 721 388 781 annis
402 721 500 803 populi
514 722 634 780 Romani
649 741 658 780 .·
675 717 801 801 Affytii,
816 724 924 802 prinei·

242 823 295 884 pes
315 802 435 861 omnium
457 803 599 883 gentium,
623 822 706 859 rerum
724 803 808 882 potiti
828 801 923 880 fient,

247 885 343 943 deinde
360 882 461 952 Medi,
477 883 568 962 postea
588 877 694 960 Persa,
714 884 810 942 deinde
827 887 924 943 Maee-

247 965 341 1048 dones.
365 964 498 1036 Exinde,
518 962 623 1022 duobus
644 964 767 1043 regibus,
791 963 923 1044 Philippo

247 1044 277 1104 Gt
297 1043 461 1114 Antiocho,
486 1045 534 1122 qui
554 1064 573 1100 a
595 1043 796 1102 Macedonibus
816 1045 925 1107 oriundi

247 1143 351 1198 erant,
374 1125 452 1184 haud
470 1123 554 1183 multo
571 1113 632 1204 post
652 1124 839 1206 Carthaginem
854 1123 925 1202 subs

247 1209 360 1274 anam,
379 1205 513 1275 devitiis,
529 1202 633 1278 fitmma
653 1206 758 1285 imperii
780 1208 820 1264 ad
831 1227 926 1286 popa·

247 1287 305 1348 tum
322 1289 476 1345 Romanum
488 1287 618 1366 pervenit.
642 1287 717 1346 Inter
730 1287 780 1346 hoc
795 1300 924 1366 temptes',

248 1367 278 1426 ὃ·
291 1364 399 1426 initiam
413 1367 487 1426 Ntni
502 1367 570 1448 tegis
583 1362 753 1448 Affyn'ontm
763 1411 774 1442 ,
786 1369 834 1446 qtti
847 1367 927 1446 prin·

247 1469 310 1527 ceps
337 1469 418 1508 renttn
441 1449 572 1529 potitus,
605 1447 731 1527 interfitnt
758 1449 827 1508 anni
851 1445 927 1508 mille

249 1531 380 1610 nongenti
395 1524 545 1611 nonaginta
563 1528 709 1610 quinqua]

252 1677 257 1684 “
286 1677 354 1744 Quae
371 1674 414 1730 hic
430 1675 508 1730 uncis
524 1676 620 1728 inclusa
637 1693 652 1727 a
667 1673 816 1751 Velleianis
834 1677 928 1730 chota-

248 1749 351 1802 tlerum
375 1749 461 1804 sormi
481 1749 674 1819 distinguuntur
691 1766 779 1816 ‚tion
801 1749 929 1804 videntur

249 1823 302 1876 esse
318 1824 439 1888 Velleii‚
459 1825 503 1877 sed
522 1839 558 1876 ex
575 1821 687 1890 alicujus
703 1821 877 1878 annotatione
894 1827 928 1877 ad

251 1913 326 1950 oram
347 1898 408 1950 libri
426 1897 541 1964 scripta,
562 1895 591 1948 in
610 1911 714 1949 textum
731 1893 872 1963 irrepsill‘e.
898 1897 928 1970 Iti

249 1985 324 2039 patet
335 1987 370 2022 ex
383 1983 493 2032 eorum,
506 1986 564 2036 quae
577 1969 929 2034 praecedunt,connexione

250 2059 313 2095 cum
330 2042 499 2110 sequentibus
514 2077 521 2104 ,
538 2040 567 2092 in
584 2040 679 2109 quibus
695 2042 727 2094 ad
745 2041 840 2094 Catoni
857 2057 928 2100 tem·

248 2133 300 2186 pus
316 2131 380 2168 aetas
396 2113 507 2168 Hesiodi
523 2113 645 2168 refertur.

290 2250 321 2312 V
333 2249 348 2313 I
360 2250 383 2312 I.
405 2247 499 2330 Hujus
525 2251 665 2331 temporis
685 2251 801 2334 aequalis
822 2250 931 2313 Hesio-

218 2331 304 2394 !dus
326 2331 398 2402 fuit,
423 2333 498 2390 circa
518 2349 636 2392 centum
653 2335 754 2414 viginti
774 2354 865 2394 annos
884 2333 931 2392 di·

249 2411 365 2472 stinlius
381 2411 416 2471 ab
432 2411 561 2486 Homeri¹
572 2429 677 2487 aetate,
695 2417 741 2474 vir
758 2413 929 2495 perelegan-

248 2495 285 2553 tis
303 2495 434 2575 ingenii,
455 2493 487 2554 &
505 2493 675 2554 mollissimi
694 2495 848 2570 dulcedine
865 2515 931 2566 tar-

248 2574 361 2650 minum
382 2575 599 2646 memorabilis,
621 2579 674 2636 otii
692 2573 853 2656 quietisque
877 2597 931 2636 cu·

249 2653 438 2738 pidissimus,
462 2673 493 2715 ut
515 2675 648 2738 tempore
671 2672 749 2716 tanto
775 2658 866 2730 viro,
889 2658 932 2718 ita

250 2737 348 2818 operis
364 2735 530 2802 austoritate
547 2741 695 2821 proximus
711 2759 718 2798 t
736 2739 786 2820 qui
801 2737 931 2813 vitavit,
