2020 3618
221 308 288 380 ¹32
338 284 760 354 CVEuuPATaJtC.

216 406 361 466 honorem
379 421 411 464 ut
433 402 568 485 superiori
589 401 711 476 habuit,
730 418 791 462 tam
815 405 901 466 van}
1001 429 1004 494 p

216 483 247 546 se
264 486 303 544 ibi
320 485 428 568 gessit,
446 502 478 543 ut
497 505 551 544 nec
573 483 751 543 laudaturum
767 503 876 566 magna
888 529 902 558 ,
1002 505 1004 558 3

215 587 271 626 nec
286 567 514 647 vituperaturum
531 563 685 624 mediocris
701 567 823 623 materia
845 566 901 626 de·
1002 577 1004 642 ξ

214 645 311 719 ficiat,
325 665 391 705 cunr
409 664 477 726 rege
487 643 656 705 Parthorum
672 641 779 722 juvene
797 646 900 706 excel·
1003 657 1005 726 i

215 728 352 797 sissimo,
369 727 400 784 in
417 723 507 784 insula
525 746 612 806 quam
628 726 719 784 amnis
732 723 900 805 Euphrateb
1004 775 1005 784 ,

214 806 361 868 ambiebat
373 849 383 878 ‚
395 822 508 886 aequato
523 803 666 885 utriusque
684 806 772 886 partis
792 804 901 867 nurne-¹

216 907 281 960 ro,
304 889 382 947 coiit.
404 884 499 965 Quod
521 884 710 967 spectaculum
735 882 834 946 stantis
861 907 899 947 ex

216 966 333 1028 diverso
359 967 425 1028 hinc
450 965 601 1038 Romani,
622 966 701 1026 illinc
724 964 898 1028 Parthorum

218 1048 362 1110 exercitiis
378 1093 387 1117 ,
405 1068 493 1128 quum
511 1047 569 1108 duo
585 1049 661 1105 inter
681 1044 710 1106 se
729 1047 899 1108 eminentis·

217 1131 291 1190 sima
307 1129 495 1210 imperiorum
511 1129 544 1188 δι
556 1127 706 1187 hominum
722 1129 836 1187 coirent
848 1149 900 1188 ca-

217 1212 296 1290 pita,
309 1229 447 1290 perquam
457 1207 565 1268 clarum
578 1207 612 1268 dt
620 1207 831 1283 memorabile,
845 1207 898 1269 sub

218 1291 298 1350 initia
313 1288 519 1368 stipendiorum
537 1307 689 1362 meorum,
706 1287 824 1350 tribuno
841 1292 900 1349 mi·

218 1369 303 1430 litum
321 1369 392 1428 mihi
408 1367 500 1430 visere
517 1369 662 1450 contigit:
682 1388 769 1450 quem
786 1368 901 1430 militia

240 1449 339 1508 tadum
358 1449 424 1510 ante
444 1447 495 1508 sub
514 1465 593 1531 patre
612 1465 664 1510 tuo
681 1492 692 1523 ,
709 1447 755 1510 M.
774 1447 900 1523 Vinici,

266 1527 296 1590 P.
309 1527 381 1590 Silio
398 1528 449 1590 aus
466 1532 554 1590 icarus
572 1531 601 1590 in
612 1528 737 1590 Thracia
753 1528 901 1592 Macedo-

218 1611 266 1672 nia
288 1630 343 1683 ue,
354 1630 425 1670 mox
436 1551 548 1670 ›ichaia
558 1607 685 1692 Asiaque
696 1611 750 1683 ,δι
761 1612 901 1672 omnibus

218 1691 258 1752 ad
307 1693 428 1755 rientem
444 1692 515 1752 visis
532 1691 712 1772 provinciis,
731 1691 764 1751 δι
783 1711 837 1750 ore
856 1710 901 1750 at-

219 1793 277 1854 que
300 1790 423 1854 utroque
446 1772 530 1832 maris
551 1769 661 1831 Pontici
688 1769 799 1846 latere,
821 1771 903 1832 haud

219 1851 375 1932 injucundi
389 1869 434 1912 tot
451 1871 567 1922 rerum,
585 1852 735 1924 locorum,
747 1855 902 1932 gentium,

218 1933 334 1994 urbium
355 1932 558 1994 recordatione
573 1931 712 2014 perfruor.
731 1930 813 1993 Prior
829 1931 903 1994 Par·

219 2014 285 2074 thus
304 2014 381 2094 apud
400 2011 507 2074 Caium
527 2013 556 2070 in
582 2011 718 2072 nostrati
741 2033 778 2082 a,
798 2011 903 2093 poste·

218 2095 279 2154 rior
302 2093 349 2152 hic
370 2093 447 2172 apud
468 2111 568 2173 regem
589 2094 620 2152 in
641 2034 740 2156 hostii
765 2093 902 2174 epulatus

218 2170 270 2235 est.
890 2191 895 2202 ·

261 2249 343 2315 011.
362 2250 435 2332 Quo
457 2251 657 2335 temporeM.
680 2251 787 2328 Loliii,
809 2275 904 2337 quem

219 2335 313 2396 veluti
333 2335 546 2395 moderatorem
563 2332 691 2414 juventa
705 2333 757 2394 filii
774 2333 817 2395 sui
834 2335 903 2397 Au·

259 2413 315 2473 stus
332 2413 386 2474 effe
405 2415 536 2476 voluerat
548 2457 557 2485 ‚
569 2413 678 2496 perfida
691 2415 723 2476 &
735 2414 907 2496 plenasub·

241 2495 281 2554 oii
298 2515 330 2554 ac
343 2493 448 2556 versuti
468 2497 553 2558 animi
568 2493 687 2556 consilia
698 2515 751 2575 per
762 2494 908 2558 Parthum
1008 2495 1009 2498 ’

219 2575 343 2636 indicata
371 2573 476 2635 Catari
493 2619 504 2647 ‚
523 2574 598 2636 faura
622 2575 754 2658 vulgavit
780 2598 787 2636 :
816 2576 904 2657 cujus

219 2675 299 2714 mors
316 2657 388 2714 intra
405 2676 511 2735 paucos
528 2657 589 2715 dies
601 2653 717 2716 fortuita
735 2676 772 2714 an
791 2657 906 2718 volun-

220 2735 291 2798 tan'a
304 2733 389 2798 fuerit
401 2737 517 2820 ignoro.
532 2734 590 2800 Sed
603 2738 689 2818 quan
705 2736 782 2799 hunc
795 2736 910 2804 deces-
