2020 3618
229 315 367 390 Htsr.
385 306 546 388 'lunen
571 315 630 388 11.
695 314 763 413 1'27

82 455 148 519 quae
166 450 298 519 tempora
323 435 438 498 censura
459 435 555 498 Planci
580 437 612 499 &
640 436 764 513 Paulli,

80 516 140 578 atta
157 519 231 580 inter
250 517 444 592 discordiam,
459 537 555 601 neque
574 520 644 600 ipsis
664 519 760 579 hono·

80 599 128 673 ri,
142 620 238 681 neque
255 599 419 681 reipublicae
439 598 500 660 usui
516 599 569 659 suit
588 621 702 680 ;quum
721 601 762 661 al·

80 680 137 739 teri
147 682 196 740 vis·
206 678 352 752 censoris,
367 680 447 740 alteri
461 679 521 740 vita
536 679 662 753 deellet3
677 679 762 740 Paul·

78 759 124 819 lus
141 763 191 822 vix
207 759 299 844 pollet
315 762 438 842 implere
452 760 622 834 censorem,
640 761 762 821 Plancus

78 842 183 902 timere
208 842 356 913 deberet,
382 861 419 900 ne
446 843 615 923 quidquam¹
631 840 762 919 objicere

78 920 172 1003 pollet
189 921 439 993 adolescentibus,
453 939 501 982 aut
519 918 690 999 objicientes
710 943 761 983 au·

78 1002 162 1073 dire,
202 1003 263 1064 uod
279 1023 338 1062 non
356 999 523 1084 agnosceret
540 1001 636 1062 senex.

118 1023 236 1144 xcll.
251 1082 338 1144 Mors
348 1082 453 1143 deinde
467 1082 606 1164 Agrippae
621 1080 635 1163 (
643 1083 692 1164 qui
705 1103 761 1143 no·

76 1165 201 1224 vitatem
222 1162 301 1224 suam
319 1163 415 1224 multis
432 1163 521 1223 rebus
537 1163 758 1236 nobilitaverat,

76 1259 106 1303 at
127 1263 166 1303 ue
185 1246 217 1302 in
238 1243 294 1305 hoc
313 1243 508 1324 perduxerat,
526 1259 558 1303 ut
582 1241 762 1306 &Neronis

117 1339 147 1384 et
171 1323 254 1384 socer
278 1345 287 1399 3
314 1320 449 1404 cujusque
476 1323 611 1396 liberos,
635 1342 761 1405 nepotes

76 1401 165 1475 suos,
190 1402 233 1466 D.
259 1403 426 1486 Augustus,
449 1407 609 1486 praepositis
636 1402 700 1465 Caii
725 1427 759 1466 ac

74 1483 159 1546 Lucii
183 1485 371 1558 nominibus,
394 1483 609 1565 adoptaverat)
628 1485 760 1546 admovit

96 1567 197 1647 ropilrs
207 1563 357 1626 Neronem
368 1563 472 1628 Caesari
484 1587 491 1626 τ
505 1567 612 1647 quippe
626 1565 683 1626 filia
694 1564 760 1644 ejus

5 1710 8 1720 ¹
73 1587 171 1717 dulia,
207 1661 252 1706 'uae
268 1645 360 1706 fuerat
371 1645 463 1728 Agrip
486 1669 509 1704 ae
524 1663 632 1728 nupta,
645 1646 759 1706 Neroni

73 1669 322 1807 nupsitdubinde
334 1727 443 1786 bellum
475 1727 665 1796 annonicum,
677 1726 766 1807 quod

73 1809 247 1867 inchoatum
262 1805 391 1888 Agrippi
403 1805 561 1888 Marcoque
571 1805 686 1866 Vinicio
699 1825 761 1867 avo

72 1905 125 1949 tuo
141 1885 327 1956 consulibus,
341 1907 475 1968 magnum
491 1907 631 1968 atroxque
644 1888 676 1948 dt
689 1907 759 1968 per·

73 1989 165 2052 quam
183 1969 312 2028 vicinum
330 1967 498 2027 imminebat
511 1966 617 2039 Italiae,
634 1987 685 2048 per
698 1967 760 2028 Ne·

71 2061 181 2110 ronem
200 2047 310 2130 gestum
326 2048 376 2109 est.
397 2045 761 2124 Gentes'l'annoniorum

71 2129 335 2210 Delmatarumque
345 2132 475 2190 nationes
486 2174 495 2203 ,
506 2132 651 2210 situmque
664 2135 761 2212 regio·

70 2232 146 2273 num
165 2232 199 2270 ac
221 2211 394 2280 fluminum,
412 2231 619 2290 numerumque
640 2213 672 2272 ὃ(
692 2233 760 2270 mo·

71 2293 147 2352 dum
171 2292 303 2363 virium,
324 2289 586 2371 excelsissimasque
606 2291 639 2350 &
661 2291 761 2350 multi·

71 2373 167 2454 plicet
184 2391 221 2430 eo
232 2371 311 2431 bello
324 2370 455 2432 villorias
469 2373 539 2429 tanti
554 2372 760 2450 imperatoris,

69 2454 131 2514 alio
153 2452 461 2531 loco'explicabimus.
484 2450 551 2510 Hoc
570 2471 644 2532 opus
663 2450 761 2512 servet

69 2533 204 2594 formam
233 2530 319 2592 suam.
349 2531 443 2612 Hujus
473 2529 601 2592 vidioriae
632 2553 761 2614 compos

69 2613 184 2681 Nero,
205 2631 296 2672 ovans
313 2613 510 2695 triumphavit.

113 2691 259 2754 XCVII.
280 2691 337 2753 Sed
357 2695 427 2753 dum
444 2697 473 2753 in
492 2693 544 2752 hac
564 2709 644 2774 parte
661 2695 761 2774 impe-

69 2777 106 2838 rii
129 2774 232 2837 omnia
251 2792 387 2856 geruntur
406 2773 618 2913 prosperritql3
635 2779 760 2854 accepta
811 2811 817 2828 .

608 2875 640 2914 tv
