2014 3620
245 282 388 351 Hm.
415 279 570 350 Lim
594 283 649 355 11.
731 309 773 376 7¹
862 326 865 331 -

62 424 64 430 ’
97 400 223 464 ficentiae
240 397 448 474 effusissimis,
462 400 561 462 animo
579 400 608 460 iu
632 421 663 460 er
679 400 780 462 huma·

99 503 168 542 nam
191 482 370 541 &naturam
390 481 423 542 δι
441 478 532 540 fidem
552 422 667 542 evedus
686 503 696 556 ;
717 502 779 542 ma·

97 561 248 644 gnitudine
267 563 491 702 cognationum,
510 559 656 622 celeritate
672 561 780 636 bellan·

99 643 161 717 di,
186 644 300 725 patienti
371 641 571 717 anulorum,
596 641 707 724 Magno
735 643 778 705 iili

97 722 289 795 Alexandro,
311 665 369 784 sed
380 720 499 798 sobrio,
520 743 616 806 neque
636 723 777 786 iracundo

98 803 260 864 simillimus
269 824 279 878 ;
293 805 343 884 qui
356 803 482 884 denique
496 801 609 942 semfer
624 805 657 866 &
673 803 777 866 somno

95 884 129 946 δι
146 883 214 946 cibo
232 886 261 944 in
277 885 368 944 vitam
387 905 446 943 non
466 886 495 943 in
513 905 554 944 vo
567 900 693 964 uptatem
714 903 777 946 ute·

96 981 203 1038 retur;
229 984 319 1044 quum
342 962 436 1024 fuisset
459 959 493 1025 0
520 963 616 1026 Mario
642 962 776 1048 sanguine

95 1040 367 1124 conjundiissimus,
387 1062 475 1126 atque
500 1043 580 1106 idem
602 1041 704 1106 Cinnae
723 1067 777 1129 ge·

95 1144 164 1198 ner,
173 1120 258 1200 'cuius
277 1122 366 1184 filiam
382 1143 413 1184 ut
427 1125 591 1206 repudiaret
603 1125 684 1186 nullo
695 1145 776 1188 metu

94 1204 234 1286 compelli
249 1207 344 1286 potuit
361 1203 475 1288 (quum
487 1204 532 1265 M.
546 1201 610 1267 Piso
622 1204 775 1268 consularis

94 1284 245 1359 Anniam,
256 1306 319 1366 quae
330 1281 431 1346 Cinnae
443 1307 517 1346 uxor
525 1284 636 1362 fuerat,
648 1289 677 1348 in
690 1285 775 1350 Sullae

61 1383 65 1388 ’
95 1363 245 1426 dimisiffet
264 1366 408 1448 gratiam)
425 1365 620 1450 habuiss'etque
640 1367 701 1429 fere
723 1391 775 1432 oc·

94 1445 227 1506 todecim
239 1465 329 1506 annos
341 1467 378 1506 eo
389 1465 522 1528 tempore
534 1493 544 1523 ‚
565 1468 624 1530 quo
639 1447 716 1510 Sulla
728 1472 775 1513 re·

94 1541 160 1585 nun
184 1526 292 1608 potitus
315 1523 356 1587 est
382 1548 392 1602 ;
417 1529 507 1610 magis
530 1525 774 1605 ministrisSullae

93 1602 329 1690 adjutoribusque
344 1609 488 1688 partium,
504 1607 590 1690 quam
600 1607 686 1691 ipso,
703 1632 776 1672 con·

114 1687 274 1748 uirentibus
287 1709 353 1749 eum
367 1688 404 1748 ad
416 1709 541 1760 necem,
553 1691 774 1768 mutativeste,

93 1707 323 1849 dissimilemque
344 1766 465 1829 fununae
487 1768 543 1830 suae
562 1770 678 1832 indutus
696 1771 776 1838 habi·

91 1863 183 1919 tum,
200 1845 285 1907 nodie
302 1847 385 1909 Urbe
402 1846 510 1930 elapsus
531 1845 582 1910 est.
598 1848 681 1910 Idem
698 1850 775 1932 post·

93 1947 128 2004 eu
143 1926 303 1987 admodum
316 1923 450 2007 juvenis,
468 1949 558 2010 quum
570 1951 586 1988 a
597 1931 694 2010 piratis
706 1953 773 2014 cap·

91 2024 141 2068 tus
160 2004 229 2068 effet
239 2050 250 2081 ,
268 2009 307 2067 ita
324 2005 354 2069 se
372 2029 426 2090 per
443 2029 532 2070 omne
549 2007 693 2092 spatium,
713 2034 773 2097 quo

91 2087 129 2148 ab
149 2088 191 2150 eis
210 2105 338 2150 retentus
356 2087 398 2150 est
413 2134 423 2166 ,
441 2089 518 2172 apud
543 2111 595 2152 eos
613 2095 721 2176 gessit,
741 2113 773 2158 ut

91 2169 200 2250 pariter
214 2170 248 2229 iis
261 2171 366 2230 terrori
378 2173 616 2266 venerationique
626 2172 695 2234 esset
705 2197 715 2250 ;
724 2197 773 2236 ne·

92 2270 151 2331 que
163 2269 302 2332 umquam
318 2267 369 2310 aut
381 2249 466 2311 nodie
482 2269 530 2311 aut
547 2253 593 2313 d1e
606 2252 679 2336 (cur
694 2260 772 2316 enim

114 2329 175 2388 uod
193 2330 244 2390 vel
260 2331 417 2390 maximum
434 2327 497 2404 est,
515 2332 539 2390 si
555 2335 660 2394 narrari
676 2335 772 2401 verbis

91 2351 296 2490 dpeciosisnon
326 2408 773 2495 otest,omittatur?)autexcal-

90 2506 224 2551 cearetur
233 2507 282 2550 aut
298 2433 501 2574 discingeretur
511 2511 522 2568 ;
533 2494 564 2552 in
577 2493 634 2556 hoc
646 2493 771 2574 scilicet,

88 2589 130 2631 ne
153 2571 177 2630 si
197 2570 314 2653 quando
338 2572 445 2654 aliquid
465 2591 502 2634 ex
524 2570 610 2635 solito
626 2577 770 2650 variaret,

87 2647 140 2712 sus
158 2648 237 2710 caus
249 2653 283 2711 iis
296 2695 305 2722 ,
321 2654 370 2793 (ὶυὶ
387 2653 479 2716 oeulis
491 2656 690 2721 tantummodo
703 2679 770 2722 eum

87 2672 312 2811 cudodiebam,
341 2748 415 2798 oret.
465 2807 467 2812 ¹
553 2803 555 2812 ,
