<?xml version="1.0" encoding="UTF-8"?>
<!DOCTYPE html PUBLIC "-//W3C//DTD XHTML 1.0 Transitional//EN"
    "http://www.w3.org/TR/xhtml1/DTD/xhtml1-transitional.dtd">
<html xmlns="http://www.w3.org/1999/xhtml" xml:lang="en" lang="en">
 <head>
  <title>
</title>
<meta http-equiv="Content-Type" content="text/html;charset=utf-8" />
  <meta name='ocr-system' content='tesseract 3.04.00' />
  <meta name='ocr-capabilities' content='ocr_page ocr_carea ocr_par ocr_line ocrx_word'/>
</head>
<body>
  <div class='ocr_page' id='page_1' title='image "./caiivelleiipate00pategoog_0158.png"; bbox 0 0 2020 3618; ppageno 0'>
   <div class='ocr_carea' id='block_1_1' title="bbox 216 315 805 414">
    <p class='ocr_par' dir='ltr' id='par_1_1' title="bbox 216 315 805 414">
     <span class='ocr_line' id='line_1_1' title="bbox 216 315 805 414; baseline -0.003 -28"><span class='ocrx_word' id='word_1_1' title='bbox 216 315 227 327; x_wconf 45' lang='lat'>⁸</span> <span class='ocrx_word' id='word_1_2' title='bbox 267 341 334 409; x_wconf 80' lang='lat'>144</span> <span class='ocrx_word' id='word_1_3' title='bbox 381 318 419 388; x_wconf 83' lang='lat' dir='ltr'>C.</span> <span class='ocrx_word' id='word_1_4' title='bbox 445 315 579 414; x_wconf 73' lang='lat' dir='ltr'>Vm.</span> <span class='ocrx_word' id='word_1_5' title='bbox 606 315 662 385; x_wconf 72' lang='lat' dir='ltr'>Pa</span> <span class='ocrx_word' id='word_1_6' title='bbox 676 329 805 384; x_wconf 66' lang='lat' dir='ltr'>Tulle.</span> 
     </span>
    </p>
   </div>
   <div class='ocr_carea' id='block_1_2' title="bbox 220 431 952 2927">
    <p class='ocr_par' dir='ltr' id='par_1_2' title="bbox 249 431 952 1803">
     <span class='ocr_line' id='line_1_2' title="bbox 260 431 944 518; baseline -0.007 -18"><span class='ocrx_word' id='word_1_7' title='bbox 260 438 327 500; x_wconf 79' lang='lat' dir='ltr'>ausa</span> <span class='ocrx_word' id='word_1_8' title='bbox 340 438 499 518; x_wconf 82' lang='lat' dir='ltr'>congredi,</span> <span class='ocrx_word' id='word_1_9' title='bbox 517 451 777 516; x_wconf 29' lang='lat' dir='ltr'>occupato-monte</span> <span class='ocrx_word' id='word_1_10' title='bbox 792 431 944 508; x_wconf 80' lang='lat' dir='ltr'>Claudio,</span> 
     </span>
     <span class='ocr_line' id='line_1_3' title="bbox 261 515 944 596; baseline -0.009 -16"><span class='ocrx_word' id='word_1_11' title='bbox 261 522 422 580; x_wconf 85' lang='lat' dir='ltr'>munitione</span> <span class='ocrx_word' id='word_1_12' title='bbox 441 517 468 576; x_wconf 89' lang='lat' dir='ltr'>se</span> <span class='ocrx_word' id='word_1_13' title='bbox 489 515 645 577; x_wconf 86' lang='lat' dir='ltr'>defendit:</span> <span class='ocrx_word' id='word_1_14' title='bbox 665 533 693 574; x_wconf 89' lang='lat' dir='ltr'>at</span> <span class='ocrx_word' id='word_1_15' title='bbox 715 535 749 572; x_wconf 88' lang='lat' dir='ltr'>ea</span> <span class='ocrx_word' id='word_1_16' title='bbox 768 535 855 596; x_wconf 89' lang='lat' dir='ltr'>pars,</span> <span class='ocrx_word' id='word_1_17' title='bbox 875 535 944 596; x_wconf 81' lang='lat' dir='ltr'>quae</span> 
     </span>
     <span class='ocr_line' id='line_1_4' title="bbox 261 596 943 676; baseline -0.007 -15"><span class='ocrx_word' id='word_1_18' title='bbox 261 602 380 660; x_wconf 87' lang='lat' dir='ltr'>obviam</span> <span class='ocrx_word' id='word_1_19' title='bbox 404 600 432 658; x_wconf 81' lang='lat' dir='ltr'>ie</span> <span class='ocrx_word' id='word_1_20' title='bbox 453 597 593 656; x_wconf 87' lang='lat' dir='ltr'>effuderat</span> <span class='ocrx_word' id='word_1_21' title='bbox 611 596 770 668; x_wconf 86' lang='lat' dir='ltr'>exercitui,</span> <span class='ocrx_word' id='word_1_22' title='bbox 791 615 882 676; x_wconf 89' lang='lat' dir='ltr'>quem</span> <span class='ocrx_word' id='word_1_23' title='bbox 901 597 943 656; x_wconf 82' lang='lat' dir='ltr'>A.</span> 
     </span>
     <span class='ocr_line' id='line_1_5' title="bbox 261 673 944 741; baseline -0.012 0"><span class='ocrx_word' id='word_1_24' title='bbox 261 673 380 741; x_wconf 86' lang='lat' dir='ltr'>Caecina</span> <span class='ocrx_word' id='word_1_25' title='bbox 391 679 424 740; x_wconf 84' lang='lat'>&amp;</span> <span class='ocrx_word' id='word_1_26' title='bbox 439 676 571 736; x_wconf 89' lang='lat' dir='ltr'>Silvanus</span> <span class='ocrx_word' id='word_1_27' title='bbox 582 675 706 736; x_wconf 86' lang='lat' dir='ltr'>Plautius</span> <span class='ocrx_word' id='word_1_28' title='bbox 723 674 886 735; x_wconf 85' lang='lat' dir='ltr'>consulares</span> <span class='ocrx_word' id='word_1_29' title='bbox 905 696 944 734; x_wconf 84' lang='lat' dir='ltr'>ex</span> 
     </span>
     <span class='ocr_line' id='line_1_6' title="bbox 260 755 945 836; baseline -0.003 -18"><span class='ocrx_word' id='word_1_30' title='bbox 260 757 450 818; x_wconf 84' lang='lat' dir='ltr'>transmarinis</span> <span class='ocrx_word' id='word_1_31' title='bbox 476 755 658 816; x_wconf 82' lang='lat' dir='ltr'>adducebant</span> <span class='ocrx_word' id='word_1_32' title='bbox 682 757 869 836; x_wconf 87' lang='lat' dir='ltr'>provinciis,</span> <span class='ocrx_word' id='word_1_33' title='bbox 890 758 945 816; x_wconf 91' lang='lat' dir='ltr'>cir·</span> 
     </span>
     <span class='ocr_line' id='line_1_7' title="bbox 261 835 944 919; baseline -0.006 -19"><span class='ocrx_word' id='word_1_34' title='bbox 261 837 390 900; x_wconf 84' lang='lat' dir='ltr'>cumfusa</span> <span class='ocrx_word' id='word_1_35' title='bbox 408 842 535 919; x_wconf 89' lang='lat' dir='ltr'>quinque</span> <span class='ocrx_word' id='word_1_36' title='bbox 555 837 716 918; x_wconf 80' lang='lat' dir='ltr'>legionibus</span> <span class='ocrx_word' id='word_1_37' title='bbox 736 835 840 896; x_wconf 85' lang='lat' dir='ltr'>nostris</span> <span class='ocrx_word' id='word_1_38' title='bbox 860 837 944 896; x_wconf 82' lang='lat' dir='ltr'>auxi·</span> 
     </span>
     <span class='ocr_line' id='line_1_8' title="bbox 262 913 945 1000; baseline -0.004 -21"><span class='ocrx_word' id='word_1_39' title='bbox 262 919 382 980; x_wconf 88' lang='lat' dir='ltr'>liaribus</span> <span class='ocrx_word' id='word_1_40' title='bbox 398 920 478 978; x_wconf 86' lang='lat' dir='ltr'>ue&amp;</span> <span class='ocrx_word' id='word_1_41' title='bbox 493 921 622 1000; x_wconf 84' lang='lat' dir='ltr'>equitatu</span> <span class='ocrx_word' id='word_1_42' title='bbox 637 919 717 998; x_wconf 86' lang='lat' dir='ltr'>regio</span> <span class='ocrx_word' id='word_1_43' title='bbox 733 913 864 998; x_wconf 90' lang='lat' dir='ltr'>[quippe</span> <span class='ocrx_word' id='word_1_44' title='bbox 882 937 945 976; x_wconf 88' lang='lat' dir='ltr'>ma-</span> 
     </span>
     <span class='ocr_line' id='line_1_9' title="bbox 264 941 944 1081; baseline -0.007 -19"><span class='ocrx_word' id='word_1_45' title='bbox 264 1021 350 1081; x_wconf 78' lang='lat' dir='ltr'>guam</span> <span class='ocrx_word' id='word_1_46' title='bbox 366 941 513 1060; x_wconf 63' lang='lat' dir='ltr'>&#39;lqlrracum</span> <span class='ocrx_word' id='word_1_47' title='bbox 530 999 646 1058; x_wconf 85' lang='lat' dir='ltr'>manum</span> <span class='ocrx_word' id='word_1_48' title='bbox 666 995 776 1075; x_wconf 64' lang='lat' dir='ltr'>juneius</span> <span class='ocrx_word' id='word_1_49' title='bbox 799 995 944 1079; x_wconf 72' lang='lat' dir='ltr'>praedictis</span> 
     </span>
     <span class='ocr_line' id='line_1_10' title="bbox 265 1075 946 1140; baseline -0.003 0"><span class='ocrx_word' id='word_1_50' title='bbox 265 1082 384 1140; x_wconf 89' lang='lat' dir='ltr'>ducibus</span> <span class='ocrx_word' id='word_1_51' title='bbox 397 1080 610 1139; x_wconf 78' lang='lat' dir='ltr'>Rhoemetalces</span> <span class='ocrx_word' id='word_1_52' title='bbox 625 1075 758 1138; x_wconf 76' lang='lat' dir='ltr'>Thraciae</span> <span class='ocrx_word' id='word_1_53' title='bbox 777 1097 829 1136; x_wconf 84' lang='lat' dir='ltr'>rex</span> <span class='ocrx_word' id='word_1_54' title='bbox 845 1079 876 1137; x_wconf 90' lang='lat' dir='ltr'>in</span> <span class='ocrx_word' id='word_1_55' title='bbox 894 1079 946 1138; x_wconf 91' lang='lat' dir='ltr'>ad-</span> 
     </span>
     <span class='ocr_line' id='line_1_11' title="bbox 249 1156 952 1242; baseline 0 -22"><span class='ocrx_word' id='word_1_56' title='bbox 249 1159 401 1242; x_wconf 81' lang='lat' dir='ltr'>·jutorium</span> <span class='ocrx_word' id='word_1_57' title='bbox 417 1159 479 1240; x_wconf 83' lang='lat' dir='ltr'>ejus</span> <span class='ocrx_word' id='word_1_58' title='bbox 496 1159 565 1218; x_wconf 93' lang='lat' dir='ltr'>belli</span> <span class='ocrx_word' id='word_1_59' title='bbox 583 1157 681 1218; x_wconf 87' lang='lat' dir='ltr'>secum</span> <span class='ocrx_word' id='word_1_60' title='bbox 698 1156 850 1238; x_wconf 89' lang='lat' dir='ltr'>trahebat]</span> <span class='ocrx_word' id='word_1_61' title='bbox 866 1179 952 1240; x_wconf 88' lang='lat' dir='ltr'>pene</span> 
     </span>
     <span class='ocr_line' id='line_1_12' title="bbox 265 1237 946 1300; baseline -0.001 0"><span class='ocrx_word' id='word_1_62' title='bbox 265 1242 440 1300; x_wconf 84' lang='lat' dir='ltr'>exitiabilem</span> <span class='ocrx_word' id='word_1_63' title='bbox 461 1239 595 1299; x_wconf 90' lang='lat' dir='ltr'>omnibus</span> <span class='ocrx_word' id='word_1_64' title='bbox 618 1237 731 1297; x_wconf 85' lang='lat' dir='ltr'>cladem</span> <span class='ocrx_word' id='word_1_65' title='bbox 755 1239 860 1297; x_wconf 89' lang='lat' dir='ltr'>intulit.</span> <span class='ocrx_word' id='word_1_66' title='bbox 887 1239 946 1299; x_wconf 91' lang='lat' dir='ltr'>Fu·</span> 
     </span>
     <span class='ocr_line' id='line_1_13' title="bbox 265 1317 946 1402; baseline -0.001 -23"><span class='ocrx_word' id='word_1_67' title='bbox 265 1339 328 1402; x_wconf 86' lang='lat' dir='ltr'>gata</span> <span class='ocrx_word' id='word_1_68' title='bbox 341 1325 487 1402; x_wconf 87' lang='lat' dir='ltr'>regiorum</span> <span class='ocrx_word' id='word_1_69' title='bbox 502 1317 640 1401; x_wconf 85' lang='lat' dir='ltr'>equestris</span> <span class='ocrx_word' id='word_1_70' title='bbox 653 1319 727 1378; x_wconf 88' lang='lat' dir='ltr'>acies</span> <span class='ocrx_word' id='word_1_71' title='bbox 737 1364 747 1393; x_wconf 98' lang='lat'>,</span> <span class='ocrx_word' id='word_1_72' title='bbox 758 1317 862 1400; x_wconf 82' lang='lat' dir='ltr'>fugatae</span> <span class='ocrx_word' id='word_1_73' title='bbox 872 1319 946 1392; x_wconf 86' lang='lat' dir='ltr'>alae,</span> 
     </span>
     <span class='ocr_line' id='line_1_14' title="bbox 263 1399 947 1480; baseline 0.001 -21"><span class='ocrx_word' id='word_1_74' title='bbox 263 1402 411 1460; x_wconf 82' lang='lat' dir='ltr'>conversae</span> <span class='ocrx_word' id='word_1_75' title='bbox 427 1401 562 1460; x_wconf 83' lang='lat' dir='ltr'>cohortes</span> <span class='ocrx_word' id='word_1_76' title='bbox 578 1399 641 1460; x_wconf 89' lang='lat' dir='ltr'>sunt</span> <span class='ocrx_word' id='word_1_77' title='bbox 659 1399 759 1480; x_wconf 85' lang='lat' dir='ltr'>:apud</span> <span class='ocrx_word' id='word_1_78' title='bbox 775 1403 797 1458; x_wconf 89' lang='lat' dir='ltr'>si</span> <span class='ocrx_word' id='word_1_79' title='bbox 819 1421 856 1458; x_wconf 90' lang='lat' dir='ltr'>na</span> <span class='ocrx_word' id='word_1_80' title='bbox 870 1420 947 1480; x_wconf 90' lang='lat' dir='ltr'>quo·</span> 
     </span>
     <span class='ocr_line' id='line_1_15' title="bbox 262 1477 947 1562; baseline 0 -22"><span class='ocrx_word' id='word_1_81' title='bbox 262 1502 320 1562; x_wconf 86' lang='lat' dir='ltr'>que</span> <span class='ocrx_word' id='word_1_82' title='bbox 345 1483 491 1562; x_wconf 87' lang='lat' dir='ltr'>legionum</span> <span class='ocrx_word' id='word_1_83' title='bbox 515 1480 699 1562; x_wconf 86' lang='lat' dir='ltr'>trepidatum.</span> <span class='ocrx_word' id='word_1_84' title='bbox 728 1477 785 1539; x_wconf 88' lang='lat' dir='ltr'>Sed</span> <span class='ocrx_word' id='word_1_85' title='bbox 838 1501 947 1540; x_wconf 85' lang='lat' dir='ltr'>omana</span> 
     </span>
     <span class='ocr_line' id='line_1_16' title="bbox 262 1560 946 1642; baseline 0 -21"><span class='ocrx_word' id='word_1_86' title='bbox 262 1565 353 1621; x_wconf 85' lang='lat' dir='ltr'>virtus</span> <span class='ocrx_word' id='word_1_87' title='bbox 372 1563 455 1636; x_wconf 89' lang='lat' dir='ltr'>militi</span> <span class='ocrx_word' id='word_1_88' title='bbox 473 1561 537 1642; x_wconf 89' lang='lat' dir='ltr'>plus</span> <span class='ocrx_word' id='word_1_89' title='bbox 557 1581 593 1620; x_wconf 86' lang='lat' dir='ltr'>eo</span> <span class='ocrx_word' id='word_1_90' title='bbox 610 1576 743 1640; x_wconf 90' lang='lat' dir='ltr'>tempore</span> <span class='ocrx_word' id='word_1_91' title='bbox 762 1560 946 1621; x_wconf 89' lang='lat' dir='ltr'>vindicatum</span> 
     </span>
     <span class='ocr_line' id='line_1_17' title="bbox 263 1641 945 1723; baseline 0 -23"><span class='ocrx_word' id='word_1_92' title='bbox 263 1642 382 1723; x_wconf 76' lang='lat' dir='ltr'>gloriae,</span> <span class='ocrx_word' id='word_1_93' title='bbox 393 1641 479 1722; x_wconf 69' lang='lat' dir='ltr'>qu⁸arn</span> <span class='ocrx_word' id='word_1_94' title='bbox 497 1641 636 1714; x_wconf 89' lang='lat' dir='ltr'>ducibus,</span> <span class='ocrx_word' id='word_1_95' title='bbox 652 1641 787 1722; x_wconf 88' lang='lat' dir='ltr'>reliquit:</span> <span class='ocrx_word' id='word_1_96' title='bbox 802 1643 852 1722; x_wconf 89' lang='lat' dir='ltr'>qui</span> <span class='ocrx_word' id='word_1_97' title='bbox 869 1642 945 1700; x_wconf 88' lang='lat' dir='ltr'>mul·</span> 
     </span>
     <span class='ocr_line' id='line_1_18' title="bbox 263 1719 946 1803; baseline -0.001 -21"><span class='ocrx_word' id='word_1_98' title='bbox 263 1741 325 1782; x_wconf 90' lang='lat' dir='ltr'>tum</span> <span class='ocrx_word' id='word_1_99' title='bbox 341 1744 357 1782; x_wconf 88' lang='lat' dir='ltr'>a</span> <span class='ocrx_word' id='word_1_100' title='bbox 373 1743 455 1783; x_wconf 89' lang='lat' dir='ltr'>more</span> <span class='ocrx_word' id='word_1_101' title='bbox 472 1723 652 1803; x_wconf 87' lang='lat' dir='ltr'>imperatoris</span> <span class='ocrx_word' id='word_1_102' title='bbox 668 1719 709 1781; x_wconf 82' lang='lat' dir='ltr'>sui</span> <span class='ocrx_word' id='word_1_103' title='bbox 727 1719 946 1802; x_wconf 79' lang='lat' dir='ltr'>discrepantes„</span> 
     </span>
    </p>

    <p class='ocr_par' dir='ltr' id='par_1_3' title="bbox 220 1802 948 2927">
     <span class='ocr_line' id='line_1_19' title="bbox 220 1802 946 1884; baseline 0 -22"><span class='ocrx_word' id='word_1_104' title='bbox 220 1864 221 1868; x_wconf 63' lang='grc'>,</span> <span class='ocrx_word' id='word_1_105' title='bbox 262 1805 328 1864; x_wconf 74' lang='lat' dir='ltr'>ante</span> <span class='ocrx_word' id='word_1_106' title='bbox 346 1805 375 1862; x_wconf 89' lang='lat' dir='ltr'>in</span> <span class='ocrx_word' id='word_1_107' title='bbox 393 1802 504 1864; x_wconf 87' lang='lat' dir='ltr'>hostem</span> <span class='ocrx_word' id='word_1_108' title='bbox 523 1803 701 1876; x_wconf 91' lang='lat' dir='ltr'>inciderunt,</span> <span class='ocrx_word' id='word_1_109' title='bbox 717 1802 804 1884; x_wconf 75' lang='lat' dir='ltr'>qulun</span> <span class='ocrx_word' id='word_1_110' title='bbox 845 1823 877 1862; x_wconf 89' lang='lat' dir='ltr'>er</span> <span class='ocrx_word' id='word_1_111' title='bbox 894 1823 946 1862; x_wconf 78' lang='lat' dir='ltr'>ex·</span> 
     </span>
     <span class='ocr_line' id='line_1_20' title="bbox 262 1823 945 1964; baseline 0 -20"><span class='ocrx_word' id='word_1_112' title='bbox 262 1885 423 1964; x_wconf 88' lang='lat' dir='ltr'>ploratores</span> <span class='ocrx_word' id='word_1_113' title='bbox 434 1929 444 1956; x_wconf 90' lang='lat'>,</span> <span class='ocrx_word' id='word_1_114' title='bbox 456 1885 505 1943; x_wconf 91' lang='lat' dir='ltr'>ubi</span> <span class='ocrx_word' id='word_1_115' title='bbox 517 1881 605 1942; x_wconf 87' lang='lat' dir='ltr'>hostis</span> <span class='ocrx_word' id='word_1_116' title='bbox 621 1880 709 1954; x_wconf 80' lang='lat' dir='ltr'>effet,</span> <span class='ocrx_word' id='word_1_117' title='bbox 723 1823 945 1964; x_wconf 73' lang='lat' dir='ltr'>cognolierent.</span> 
     </span>
     <span class='ocr_line' id='line_1_21' title="bbox 260 1962 947 2045; baseline -0.003 -19"><span class='ocrx_word' id='word_1_118' title='bbox 260 1965 326 2026; x_wconf 78' lang='lat' dir='ltr'>lam</span> <span class='ocrx_word' id='word_1_119' title='bbox 348 1966 434 2045; x_wconf 85' lang='lat' dir='ltr'>igitur</span> <span class='ocrx_word' id='word_1_120' title='bbox 452 1966 483 2022; x_wconf 89' lang='lat' dir='ltr'>in</span> <span class='ocrx_word' id='word_1_121' title='bbox 501 1963 594 2024; x_wconf 84' lang='lat' dir='ltr'>dubiis</span> <span class='ocrx_word' id='word_1_122' title='bbox 617 1962 703 2023; x_wconf 88' lang='lat' dir='ltr'>rebus</span> <span class='ocrx_word' id='word_1_123' title='bbox 721 1963 822 2022; x_wconf 90' lang='lat' dir='ltr'>semeti</span> <span class='ocrx_word' id='word_1_124' title='bbox 845 1963 881 2022; x_wconf 83' lang='lat' dir='ltr'>sae</span> <span class='ocrx_word' id='word_1_125' title='bbox 902 1965 947 2024; x_wconf 89' lang='lat' dir='ltr'>le·</span> 
     </span>
     <span class='ocr_line' id='line_1_22' title="bbox 261 1983 947 2126; baseline 0.003 -24"><span class='ocrx_word' id='word_1_126' title='bbox 261 2048 362 2124; x_wconf 83' lang='lat' dir='ltr'>giones</span> <span class='ocrx_word' id='word_1_127' title='bbox 381 2045 559 2119; x_wconf 86' lang='lat' dir='ltr'>adhortatae,</span> <span class='ocrx_word' id='word_1_128' title='bbox 576 2041 707 2125; x_wconf 81' lang='lat' dir='ltr'>jugulatis</span> <span class='ocrx_word' id='word_1_129' title='bbox 724 2045 760 2103; x_wconf 88' lang='lat' dir='ltr'>ab</span> <span class='ocrx_word' id='word_1_130' title='bbox 779 1983 863 2104; x_wconf 65' lang='lat' dir='ltr'>bole</span> <span class='ocrx_word' id='word_1_131' title='bbox 881 2048 947 2126; x_wconf 91' lang='lat' dir='ltr'>qui·</span> 
     </span>
     <span class='ocr_line' id='line_1_23' title="bbox 262 2123 948 2205; baseline 0.004 -24"><span class='ocrx_word' id='word_1_132' title='bbox 262 2123 381 2182; x_wconf 85' lang='lat' dir='ltr'>busdam</span> <span class='ocrx_word' id='word_1_133' title='bbox 394 2123 511 2182; x_wconf 88' lang='lat' dir='ltr'>tribunis</span> <span class='ocrx_word' id='word_1_134' title='bbox 523 2124 667 2198; x_wconf 86' lang='lat' dir='ltr'>militurn,</span> <span class='ocrx_word' id='word_1_135' title='bbox 683 2125 860 2204; x_wconf 85' lang='lat' dir='ltr'>interempto</span> <span class='ocrx_word' id='word_1_136' title='bbox 872 2145 948 2205; x_wconf 84' lang='lat' dir='ltr'>prae·</span> 
     </span>
     <span class='ocr_line' id='line_1_24' title="bbox 261 2201 943 2285; baseline 0.003 -23"><span class='ocrx_word' id='word_1_137' title='bbox 261 2201 338 2262; x_wconf 72' lang='lat' dir='ltr'>fello</span> <span class='ocrx_word' id='word_1_138' title='bbox 348 2201 530 2280; x_wconf 83' lang='lat' dir='ltr'>castrorum,</span> <span class='ocrx_word' id='word_1_139' title='bbox 545 2203 688 2285; x_wconf 72' lang='lat' dir='ltr'>praefedlis</span> <span class='ocrx_word' id='word_1_140' title='bbox 705 2225 741 2264; x_wconf 91' lang='lat' dir='ltr'>ue</span> <span class='ocrx_word' id='word_1_141' title='bbox 753 2205 943 2280; x_wconf 87' lang='lat' dir='ltr'>cohortium,</span> 
     </span>
     <span class='ocr_line' id='line_1_25' title="bbox 262 2225 943 2366; baseline 0.006 -24"><span class='ocrx_word' id='word_1_142' title='bbox 262 2305 322 2344; x_wconf 92' lang='lat' dir='ltr'>non</span> <span class='ocrx_word' id='word_1_143' title='bbox 349 2287 503 2344; x_wconf 84' lang='lat' dir='ltr'>incruentis</span> <span class='ocrx_word' id='word_1_144' title='bbox 528 2225 766 2359; x_wconf 74' lang='lat' dir='ltr'>centurionibus,</span> <span class='ocrx_word' id='word_1_145' title='bbox 791 2307 807 2345; x_wconf 90' lang='lat' dir='ltr'>e</span> <span class='ocrx_word' id='word_1_146' title='bbox 836 2285 943 2366; x_wconf 87' lang='lat' dir='ltr'>quibus</span> 
     </span>
     <span class='ocr_line' id='line_1_26' title="bbox 262 2365 944 2445; baseline 0.007 -22"><span class='ocrx_word' id='word_1_147' title='bbox 262 2367 351 2424; x_wconf 87' lang='lat' dir='ltr'>etiam</span> <span class='ocrx_word' id='word_1_148' title='bbox 377 2367 460 2445; x_wconf 89' lang='lat' dir='ltr'>primi</span> <span class='ocrx_word' id='word_1_149' title='bbox 488 2367 605 2426; x_wconf 87' lang='lat' dir='ltr'>ordines</span> <span class='ocrx_word' id='word_1_150' title='bbox 631 2366 785 2439; x_wconf 85' lang='lat' dir='ltr'>cecidere,</span> <span class='ocrx_word' id='word_1_151' title='bbox 809 2365 944 2428; x_wconf 85' lang='lat' dir='ltr'>invasere</span> 
     </span>
     <span class='ocr_line' id='line_1_27' title="bbox 261 2443 944 2528; baseline 0.009 -26"><span class='ocrx_word' id='word_1_152' title='bbox 261 2443 356 2504; x_wconf 86' lang='lat' dir='ltr'>hostes</span> <span class='ocrx_word' id='word_1_153' title='bbox 368 2466 377 2518; x_wconf 92' lang='lat'>;</span> <span class='ocrx_word' id='word_1_154' title='bbox 391 2465 445 2504; x_wconf 80' lang='lat' dir='ltr'>nec</span> <span class='ocrx_word' id='word_1_155' title='bbox 465 2443 616 2522; x_wconf 79' lang='lat' dir='ltr'>sustinuille</span> <span class='ocrx_word' id='word_1_156' title='bbox 636 2449 785 2519; x_wconf 87' lang='lat' dir='ltr'>contenti,</span> <span class='ocrx_word' id='word_1_157' title='bbox 802 2449 944 2528; x_wconf 72' lang='lat' dir='ltr'>perruptb</span> 
     </span>
     <span class='ocr_line' id='line_1_28' title="bbox 263 2525 946 2607; baseline 0.006 -24"><span class='ocrx_word' id='word_1_158' title='bbox 263 2545 365 2584; x_wconf 87' lang='lat' dir='ltr'>eorum</span> <span class='ocrx_word' id='word_1_159' title='bbox 386 2529 469 2596; x_wconf 87' lang='lat' dir='ltr'>acie,</span> <span class='ocrx_word' id='word_1_160' title='bbox 489 2545 525 2585; x_wconf 82' lang='lat' dir='ltr'>ex</span> <span class='ocrx_word' id='word_1_161' title='bbox 547 2526 688 2607; x_wconf 83' lang='lat' dir='ltr'>insperato</span> <span class='ocrx_word' id='word_1_162' title='bbox 710 2525 861 2586; x_wconf 60' lang='lat' dir='ltr'>vidiotiam</span> <span class='ocrx_word' id='word_1_163' title='bbox 879 2531 946 2588; x_wconf 88' lang='lat' dir='ltr'>vin·</span> 
     </span>
     <span class='ocr_line' id='line_1_29' title="bbox 261 2605 945 2689; baseline 0.007 -27"><span class='ocrx_word' id='word_1_164' title='bbox 261 2605 440 2668; x_wconf 87' lang='lat' dir='ltr'>dicaverunt.</span> <span class='ocrx_word' id='word_1_165' title='bbox 460 2605 527 2666; x_wconf 92' lang='lat' dir='ltr'>Hoc</span> <span class='ocrx_word' id='word_1_166' title='bbox 547 2605 608 2666; x_wconf 75' lang='lat' dir='ltr'>fere</span> <span class='ocrx_word' id='word_1_167' title='bbox 629 2624 763 2686; x_wconf 87' lang='lat' dir='ltr'>tempore</span> <span class='ocrx_word' id='word_1_168' title='bbox 786 2605 945 2689; x_wconf 84' lang='lat' dir='ltr'>Agrippa,</span> 
     </span>
     <span class='ocr_line' id='line_1_30' title="bbox 258 2683 945 2768; baseline 0.009 -26"><span class='ocrx_word' id='word_1_169' title='bbox 258 2687 311 2763; x_wconf 82' lang='lat' dir='ltr'>qui</span> <span class='ocrx_word' id='word_1_170' title='bbox 328 2685 434 2745; x_wconf 90' lang='lat' dir='ltr'>eodem</span> <span class='ocrx_word' id='word_1_171' title='bbox 452 2688 519 2762; x_wconf 88' lang='lat' dir='ltr'>die,</span> <span class='ocrx_word' id='word_1_172' title='bbox 536 2707 595 2768; x_wconf 90' lang='lat' dir='ltr'>quo</span> <span class='ocrx_word' id='word_1_173' title='bbox 613 2683 767 2757; x_wconf 88' lang='lat' dir='ltr'>Tiberius,</span> <span class='ocrx_word' id='word_1_174' title='bbox 785 2689 945 2768; x_wconf 86' lang='lat' dir='ltr'>adoptatus</span> 
     </span>
     <span class='ocr_line' id='line_1_31' title="bbox 247 2763 944 2844; baseline 0.009 -20"><span class='ocrx_word' id='word_1_175' title='bbox 247 2763 296 2824; x_wconf 70' lang='lat' dir='ltr'>ab</span> <span class='ocrx_word' id='word_1_176' title='bbox 319 2785 377 2828; x_wconf 86' lang='lat' dir='ltr'>avo</span> <span class='ocrx_word' id='word_1_177' title='bbox 400 2764 452 2834; x_wconf 81' lang='lat' dir='ltr'>suo</span> <span class='ocrx_word' id='word_1_178' title='bbox 478 2767 597 2835; x_wconf 83' lang='lat' dir='ltr'>naturali</span> <span class='ocrx_word' id='word_1_179' title='bbox 619 2784 707 2841; x_wconf 80' lang='lat' dir='ltr'>orat,</span> <span class='ocrx_word' id='word_1_180' title='bbox 730 2768 764 2836; x_wconf 68' lang='lat' dir='ltr'>bc</span> <span class='ocrx_word' id='word_1_181' title='bbox 790 2765 850 2844; x_wconf 79' lang='lat' dir='ltr'>jam</span> <span class='ocrx_word' id='word_1_182' title='bbox 875 2787 944 2838; x_wconf 81' lang='lat' dir='ltr'>ante</span> 
     </span>
     <span class='ocr_line' id='line_1_32' title="bbox 765 2847 946 2927; baseline 0.028 -18"><span class='ocrx_word' id='word_1_183' title='bbox 765 2847 946 2927; x_wconf 85' lang='lat' dir='ltr'>biennium,</span> 
     </span>
    </p>
   </div>
   <div class='ocr_carea' id='block_1_3' title="bbox 0 0 1016 3618">
    <p class='ocr_par' dir='ltr' id='par_1_4' title="bbox 0 0 1016 3618">
     <span class='ocr_line' id='line_1_33' title="bbox 0 0 1016 3618; baseline 0 0"><span class='ocrx_word' id='word_1_184' title='bbox 0 0 1016 3618; x_wconf 95' lang='lat' dir='ltr'> </span> 
     </span>
    </p>
   </div>
  </div>
 </body>
</html>
