2014 3620
236 311 284 397 68
360 313 395 394 θ’.
421 323 553 392 Vnst.
579 313 780 394 Patrne.

235 463 297 515 na,
317 459 404 525 capto
428 439 613 516 Aristonico,
634 438 703 502 fecit
724 437 925 504 tributariam?

237 521 266 584 C
291 545 344 604 pro
375 521 487 582 denisii
515 521 601 581 nullis
632 522 799 604 assignanda
843 523 919 584 lotia

236 546 289 664 esi
304 625 311 663 :
336 606 444 684 quippe
466 601 733 675 senatusconsulto,
754 544 918 665 miniiierio

238 682 379 757 Catonis,
395 684 470 765 regis
482 699 575 746 morte
587 727 595 756 ,
609 699 694 764 quant
706 685 755 762 ille
766 683 918 745 conscien-

235 763 276 821 ria
294 765 457 833 acciverat,
475 761 546 821 sada
566 766 715 844 provincia
734 761 783 824 est.
805 763 917 836 Creta,

237 841 354 903 Metelli
373 842 480 915 douo,
501 843 674 925 longissimae
695 844 835 904 libertatis
857 845 922 906 fine·

236 923 363 983 multata.
380 922 416 984 Et
434 923 519 1005 Syria
530 922 691 1006 Pontusque
708 922 764 985 Cn.
781 925 917 1008 Pompeii

237 1006 354 1066 virtutis
370 1017 557 1065 monumenta
571 1004 634 1064 sunt

278 1083 436 1146 XXXIX.
465 1083 574 1146 Gallias
600 1085 724 1166 primiim
745 1129 754 1154 ‚
777 1081 920 1146 Domitio

237 1165 271 1228 &
287 1164 376 1226 Fabio
392 1182 499 1247 nepote
517 1165 625 1238 Paulli,
639 1167 688 1246 qui
707 1163 921 1248 Allobrogicus

235 1261 358 1306 vocatus
371 1245 412 1306 est
422 1291 432 1318 ,
443 1249 558 1306 intratos
572 1265 638 1306 curn
651 1247 797 1319 exercitu,
810 1246 920 1328 magns¹
997 1245 998 1254 ’

236 1337 307 1386 mox
319 1326 400 1385 clade
418 1325 514 1386 nostri
529 1325 602 1406 saepe
619 1328 650 1387 δι
667 1321 863 1386 affedavimus
882 1329 920 1389 δι’

237 1407 384 1464 amisimus
400 1427 407 1466 ε
425 1405 475 1466 sed
492 1406 732 1490 fulgentissimum
743 1403 779 1466 C.
792 1403 915 1467 Caesaris

203 1483 810 1648 ¹sttrtntrttlirusisinn
827 1487 915 1650 stt

584 1613 594 1642 9
803 1611 812 1638 2

237 1664 315 1706 totus
335 1665 474 1707 terrarum
492 1651 588 1721 orbis,
606 1649 614 1706 i
637 1667 742 1707 navum
759 1647 914 1710 conserunt

236 1725 418 1808 stipendium.
432 1728 481 1788 Ab
496 1730 602 1790 eodem
618 1668 691 1788 sada
700 1727 847 1790 Numidia.
861 1727 919 1788 Cia
997 1769 998 1806 p

236 1809 330 1868 liciam
353 1809 517 1890 perdomuit
538 1809 697 1882 lsauricus3
713 1809 745 1870 &
767 1807 831 1890 post
851 1809 917 1870 bel·
995 1839 998 1850 ·

237 1890 297 1949 lum
314 1889 522 1952 Antiochinum
535 1936 543 1964 ‚
555 1889 647 1950 Vulso
664 1891 790 1950 Manlius
808 1889 919 1952 Gallo-¹

235 1969 389 2030 Graeciam.
399 1972 537 2050 Bithynia
547 2015 556 2042 ,
568 1989 599 2031 ut
611 1972 813 2052 praediximus,
826 1971 921 2032 testa-¹

235 2067 335 2110 mento
345 2049 513 2110 Nicomedis
525 2051 620 2110 relidat
630 2051 804 2112 hereditaria.
813 2051 919 2114 Divus¹

235 2128 381 2211 Augustus
401 2148 502 2210 praeter
525 2131 675 2212 Hispanias
695 2131 817 2214 aliasque
837 2152 921 2215 gem·

235 2225 302 2281 tes,
319 2227 439 2292 quarum
456 2212 544 2272 titulis
564 2212 660 2271 forum
680 2211 740 2293 ejus
758 2217 891 2293 praenitet
902 2233 921 2291 ‚-·

235 2311 312 2372 pene
335 2291 414 2352 idem
433 2337 443 2367 ,
468 2291 540 2354 sadai
556 2294 593 2354 AE
637 2309 687 2374 pto
706 2293 914 2374 stipendiariis,

233 2387 373 2452 quantum
397 2390 478 2454 patet
506 2372 566 2454 ejus
623 2375 707 2444 allia,
727 2377 757 2433 in
779 2377 920 2453 aerarium'

236 2451 343 2511 reditds
368 2455 497 2516 contulit.
522 2454 564 2516 At
584 2454 653 2515 Tib.
676 2453 795 2524 Caesar,
823 2477 914 2536 quam

236 2549 344 2591 certam
356 2533 488 2615 Hispanis
503 2535 621 2616 parendi
635 2535 849 2594 confessionem
863 2558 915 2597 ex-

234 2611 352 2672 torserat
376 2635 498 2694 ponens,
517 2615 623 2696 Illyriis
643 2613 840 2694 Dalmatisque
862 2639 920 2678 exa.

236 2695 329 2752 torsit.
350 2693 492 2756 Rhaetiatn
513 2714 609 2756 autem
633 2699 664 2758 δι
686 2695 856 2756 Vindelicos
880 2721 919 2760 ac-

129 2823 134 2833 .
234 2769 384 2848 Noricos,
405 2775 638 2861 Pannoniamque
666 2779 699 2841 ἃ
720 2775 888 2839 Scordiscos
903 2799 920 2854 ,a
