2014 3620
268 308 313 386 '28
397 309 815 417 WunPAtzna
881 375 883 382 ,

266 431 432 495 Gracchum
457 429 576 491 stantem
595 431 624 490 in
646 451 709 489 area
732 451 797 490 cum
820 432 940 494 catervis

267 513 353 588 suis,
381 513 413 573 &
438 514 620 572 concientetn
641 531 715 591 pene
740 515 827 572 totius
852 511 940 573 Italiae

266 592 467 673 frequentiam.
499 591 528 652 Is
559 587 701 674 fugiens,
732 591 939 675 decurrensque

266 673 346 733 clivo
358 671 524 753 Capitolino
535 670 699 754 ,fragmine
715 669 837 733 subsellii
851 673 939 749 iiim,

266 756 378 826 vitam,
395 752 480 835 quim
497 751 700 836 gloriosissime
719 754 755 812 de
777 773 825 814 ere
842 771 941 836 potue-

265 851 330 905 rat,
349 833 499 893 immaturi
514 852 608 894 morte
621 833 724 894 finivit.
776 853 811 894 oc
826 835 940 894 initium

264 917 295 977 in
319 915 389 974 urbe
413 913 509 975 Roma
532 915 623 974 civilis
644 913 806 996 sanguinis,
831 915 941 998 gladio·

264 1017 387 1078 tumque
408 997 582 1076 impunitatis
598 993 661 1054 fuit,
685 993 755 1056 lnde
770 994 816 1077 jus
834 999 874 1057 vi.
886 996 939 1056 ob·

264 1093 381 1146 rutum,
402 1078 607 1159 potentiorque
625 1074 738 1135 habitus
758 1078 859 1157 prior3
883 1077 942 1137 dis·

264 1159 369 1218 cordiae
392 1177 429 1216 ue
460 1159 592 1230 civium,
622 1174 704 1216 antea
728 1155 941 1218 conditionibus

264 1238 354 1300 sanari
372 1179 484 1312 iolitan,
506 1235 584 1298 ferro
604 1235 763 1316 dijudicatae
776 1258 785 1310 ;
796 1237 940 1320 'bellaque

264 1339 327 1380 non
347 1321 437 1378 causis
457 1320 546 1394 inita,
566 1315 615 1376 sed
638 1333 723 1400 prout
743 1337 843 1377 eorum
864 1339 942 1378 mer-

267 1417 316 1460 tes
341 1396 404 1460 fuit.
434 1395 528 1478 Quod
555 1397 630 1456 haud
657 1399 761 1457 mirum
785 1395 831 1458 ¹est
852 1420 859 1458 :
881 1419 942 1460 non

200 1551 205 1561 ι
266 1480 405 1540 ἑῃὶωνίδὶ
426 1477 583 1539 consistunt
605 1479 760 1560 exempla,
781 1479 858 1538 unde
880 1499 943 1539 coe·

266 1561 396 1644 petunt,
413 1557 463 1618 sed
481 1559 635 1639 quamlibet
650 1561 679 1618 in
694 1577 812 1619 tenuem·
826 1577 943 1641 recepta

267 1643 438 1713 tramitem,
464 1638 600 1700 latissime
623 1640 765 1722 evagandi
786 1640 841 1700 sibi
862 1643 944 1702 viam

266 1721 398 1797 faciunt3
422 1721 476 1796 δι,
499 1720 549 1780 ubi
573 1719 661 1781 semei
681 1720 760 1780 reeio
779 1721 944 1782 deerratum

268 1801 334 1879 est,
358 1805 387 1863 in
411 1821 539 1884 ptaeceps
563 1802 730 1884 pervenitur
753 1823 760 1861 :
783 1821 837 1860 nec
863 1801 944 1884 quis·

205 1895 207 1898 '
267 1899 357 2026 ῗυεπι
382 1885 541 1964 εἰϋὶφυται
566 1901 679 1964 turpe,
711 1881 791 1964 quod
817 1883 874 1942 alii·
889 1882 944 1944 fuit

282 1963 450 2025 rutruosum.

272 2063 275 2070 ’
311 2043 370 2122 IV.
390 2043 531 2116 Interim,
556 2041 626 2102 dunt
646 2043 708 2103 haec
729 2043 760 2102 in
785 2040 867 2102 Italia
893 2063 944 2126 ge·

268 2129 392 2196 iuntur,
413 2122 613 2198 Aristonicus,
633 2140 749 2184 mortuo
769 2143 836 2206 rege
859 2124 946 2184 Atta·

269 2204 324 2281 io,
347 2227 363 2264 a
381 2225 440 2286 quo
456 2204 526 2264 Asia
542 2204 652 2286 populo
672 2203 807 2264 Romano
829 2204 945 2286 heredi-

269 2301 329 2347 tate
352 2285 447 2345 reliiia
468 2301 550 2356 erat,
572 2287 645 2346 sicut
664 2283 759 2345 reliiia
778 2282 880 2364 postea
904 2283 946 2346 est

269 2369 288 2426 a
312 2365 476 2426 Nicomede
501 2365 668 2448 Bithynia,
695 2365 836 2444 mentitus·
857 2369 946 2450 regia

271 2445 363 2528 stirpis
383 2448 550 2528 briginem,
572 2447 657 2505 armis
677 2463 740 2506 eam
760 2463 894 2525 occupat.
918 2445 946 2506 Is

270 2526 363 2587 vitius
379 2549 408 2598 ¹a
438 2525 482 2587 M.
515 2519 658 2608 Perperna
683 2570 694 2600 ‚
726 2523 883 2608 dustusque
916 2529 947 2586 in

270 2607 436 2688 triumph03
453 2605 502 2666 sed
521 2605 572 2666 Μ’.
583 2606 713 2688 Aquillio
730 2627 762 2666 ca
783 2608 823 2665 ite
840 2627 947 2686 poenas

270 2687 373 2763 dedit,
392 2707 481 2783 quum
498 2689 580 2748 initio
598 2687 669 2747 belli
686 2685 727 2748 Cr
765 2705 814 2745 um
829 2685 950 2750 Mucia-

269 2787 362 2844 num,
385 2784 480 2833 virum
498 2766 569 2852 juris
589 2766 829 2842 scientissimum,
853 2767 949 2831 dece·
