2014 3620
247 321 294 398 32
376 300 411 370 C.
439 301 562 368 Vrii.
588 299 645 368 ΡΑ
659 315 787 368 Teuc.

245 420 427 480 triumvirum
441 415 657 490 nominaverat,
672 414 925 497 eumquesocium

246 499 349 582 regalis
366 497 546 580 allumpserat
564 500 698 578 potentiae
716 541 726 571 ,
747 515 842 558 morte
862 498 926 558 affi-

246 582 295 640 cit.
320 579 462 640 Idunum
487 576 591 638 nefarie
614 579 649 637 ab
672 575 794 658 Opimio
819 579 924 660 prodi-

246 677 330 732 tum,
351 659 430 739 qubd
444 659 562 736 capitis,
580 679 639 717 non
659 658 752 718 dicam
775 655 924 732 Gracchi,

245 734 298 808 sed
322 741 392 799 civis
415 737 539 798 Romani
565 740 689 817 pretium
712 736 740 798 se
766 739 926 813 daturum,

245 821 334 902 idque
346 839 414 879 auro
431 816 615 900 repensurum
628 817 786 898 proposuit.
802 819 931 880 Flaccus.

245 903 277 959 in
294 900 461 970 Aventino,
480 914 603 958 armatos
621 897 656 956 ad
678 919 716 978 pn
737 919 801 956 nam
822 902 925 972 ciens,

247 1001 315 1040 cum
334 977 396 1040 filio
416 976 525 1059 majore
544 977 685 1060 jugulatus
703 918 752 1038 eh.
774 976 925 1040 Gracchus

244 1059 435 1143 profugiens,
451 1081 540 1142 quum
557 1057 614 1136 jam
630 1058 926 1137 comprehenderetur

246 1141 285 1202 ab
302 1143 355 1215 iis,
372 1162 445 1222 quos
465 1137 602 1219 Opimius
623 1137 756 1210 miserat,
777 1142 926 1200 cervicem

182 1266 185 1274 ι
246 1221 368 1302 Euporo
388 1219 471 1280 servo
493 1219 614 1300 praebuit
632 1241 642 1293 ;
662 1220 710 1298 qui
730 1239 791 1278 non
809 1218 927 1302 segnius

246 1299 277 1362 se
291 1299 352 1386 ipse
367 1301 532 1371 interemit,
567 1297 631 1358 uim
646 1299 764 1358 domino
780 1297 927 1361 succurre·

247 1397 301 1442 rat.
323 1381 396 1458 Quo
412 1381 457 1439 die
473 1321 619 1460 singularis
633 1377 705 1438 Pom
728 1381 807 1453 onii,
821 1383 928 1460 equitis

247 1461 389 1533 Romani,
402 1462 432 1519 in
442 1457 604 1521 Gracchum
617 1457 688 1518 fides
699 1402 768 1518 lhit:
783 1463 831 1540 qui
840 1482 926 1522 more
986 1494 991 1500 ¹

248 1533 387 1614 Coclitis,
400 1539 556 1601 sustentatis
565 1544 593 1600 in
604 1557 692 1620 ponte
702 1538 829 1600 hostibus
843 1540 926 1620 ejus,

245 1621 384 1704 gladiose
400 1619 547 1680 transfixit.
562 1619 604 1680 Ut
613 1619 723 1680 Tiberii
735 1618 860 1680 Gracchi
873 1644 927 1682 an·-
941 1669 943 1674 ,

247 1720 296 1763 tea
311 1724 435 1783 corpus,
450 1704 487 1760 ita
500 1699 582 1773 Caii,
593 1702 665 1760 miri
681 1700 849 1763 crudelitate
860 1705 927 1765 vic·

247 1795 364 1856 torum,
382 1785 411 1842 in
427 1781 557 1842 Tiberim
574 1779 713 1860 dejedlum
731 1779 781 1848 est.

258 1891 262 1898 ·
289 1863 363 1924 Vll.
385 1861 470 1933 Hunc
481 1861 548 1922 Tib.
560 1860 687 1923 Gracchi
699 1862 801 1934 liberi,
817 1862 848 1922 P.
862 1861 928 1922 Sci·

247 1947 343 2025 pionis
356 1943 484 2002 Alricani
495 1960 615 2024 nepotes
626 1943 715 2017 ,vind
726 1943 817 2002 adhuc
833 1962 928 2005 matre

249 2023 386 2084 Cornelii
401 2022 529 2083 Africani
550 2023 628 2096 filit,
645 2023 699 2081 viri
714 2025 830 2102 optimis
845 2027 930 2107 inge-

248 2107 302 2164 niis
314 2102 389 2162 mald
405 2101 464 2174 usi,
481 2104 547 2162 vitae
559 2101 714 2182 mortisque
726 2103 853 2163 habuere
868 2108 930 2164 exi-

248 2199 310 2242 tum
325 2205 332 2243 :
348 2179 432 2263 quisi
447 2183 563 2242 civilem
577 2185 718 2266 dignitatis
732 2183 930 2264 concupissent

248 2263 397 2336 modum,
422 2263 560 2344 quidquid
584 2263 784 2325 tumultuando
810 2265 931 2344 adipisci

271 2338 403 2404 estierunt
424 2389 433 2416 ‚
457 2347 559 2425 quietis
584 2343 727 2405 obtulisset
755 2342 930 2424 respublica.

281 2425 326 2482 uic
348 2427 490 2483 atrocitati
512 2423 654 2505 adjedlum
676 2423 766 2483 scelus
788 2429 931 2490 unicum:

248 2507 358 2643 puippe
369 2501 501 2581 juvenis,
514 2504 607 2586 specie
623 2505 785 2578 excellens,
801 2507 931 2569 necdum

271 2585 517 2644 uodevicesimum
536 2585 714 2667 transgrellus
734 2607 838 2645 annum
850 2630 860 2657 ,
874 2590 931 2647 im-

248 2663 397 2744 munisque
419 2664 586 2724 delictorum
603 2683 810 2747 paternorum,
826 2667 932 2731 ‘Fulvii

246 2742 340 2826 Flacci
352 2743 447 2817 lilius,
463 2765 549 2830 quem
565 2763 646 2828 pater
663 2747 788 2830 legatum
804 2747 841 2810 de
855 2771 932 2810 con-
