2020 3618
225 337 294 404 140
344 315 379 384 C.
410 317 538 385 Vsus.
565 313 767 384 Pursnc.

222 431 437 494 desciscentibus
454 448 514 492 erat
530 431 608 512 apud
626 452 692 492 eum
711 429 906 514 perfugium:

221 513 355 594 torusque
371 535 407 572 ex
421 513 495 572 male
508 512 684 572 dissimulato
697 514 800 594 agebat
812 535 909 574 aemu·

224 595 283 654 lum
294 617 304 669 ;
314 596 528 673 exercitumque
541 613 627 673 quem
640 591 817 675 septuaginta
835 593 908 652 mil-

223 675 293 734 lium
312 675 461 752 peditum,
482 691 604 754 quatuor
624 675 751 754 equitum
770 673 907 748 fecerat,

223 754 341 814 assiduis
358 755 497 814 adversus
508 749 645 814 finitimos
663 754 747 813 bellis
761 773 907 814 exercen-

224 833 283 907 do,
302 831 429 912 majori,
448 833 534 916 quim
553 835 633 915 quod
654 834 798 908 habebat,
817 837 909 914 operi

224 916 408 996 preparabat.
428 913 553 996 Eratque
571 917 655 974 etiam
675 916 712 974 eb
727 915 904 984 timendus,

246 995 306 1054 uod
317 1015 415 1076 ¹quum
434 993 620 1056 Germaniam
639 995 675 1053 ad
694 995 798 1054 laevam
817 996 853 1056 ἃ
873 997 908 1054 in

224 1015 339 1148 ἔτυπτε,
354 1075 529 1135 Pannoniam
548 1075 585 1134 ad
603 1075 769 1146 dextetam,
786 1097 803 1134 a
817 1092 908 1156 tergo

224 1155 333 1216 sedium
345 1155 455 1216 suarum
466 1155 585 1215 haberet
594 1155 739 1226 Noricos,
751 1173 907 1237 tamquam

225 1238 256 1296 in
274 1257 379 1296 omnes
398 1235 508 1316 semper
528 1251 693 1309 venturus,
710 1236 748 1294 ab
765 1236 906 1296 omnibus

225 1317 386 1376 timebatur.
414 1315 478 1376 Nee
508 1314 634 1376 securam
662 1318 833 1375 incrementi
863 1314 907 1376 sui

225 1397 389 1476 patiebatur
408 1396 464 1456 esle
485 1396 597 1458 Italiam
617 1419 627 1471 3
645 1399 714 1478 quip
737 1417 754 1455 e
777 1417 869 1478 quum
888 1417 909 1455 a

225 1475 341 1536 summis
359 1477 481 1557 Alpium
502 1475 599 1559 jugis,
618 1498 682 1558 quae
724 1519 725 1522 =
745 1497 795 1536 em
812 1475 906 1539 Italiae

182 1608 184 1612 .
225 1559 378 1616 terminant
388 1603 397 1630 ‚
407 1560 517 1618 initium
531 1555 593 1634 ejus
608 1556 710 1616 finium
722 1557 797 1618 haud
809 1554 908 1618 multo

226 1636 290 1716 plus
318 1637 449 1698 ducentis
475 1638 603 1700 millibus
629 1637 756 1718 passuum
786 1637 905 1700 abesset.

226 1717 313 1780 Hunc
334 1721 429 1780 sirum
450 1719 482 1780 ἃ
502 1719 576 1778 hanc
596 1721 745 1800 regionem
765 1719 906 1799 proximo

127 1813 131 1822 ’
227 1821 302 1860 anno
323 1800 443 1859 diversis
466 1820 482 1858 e
504 1799 630 1880 partibus
650 1799 717 1860 Tib.
736 1797 834 1859 Caesar
855 1821 907 1882 ag-

227 1881 307 1962 gredi
323 1879 427 1940 statuit.
440 1879 541 1940 Sentio
551 1879 701 1940 Saturnino
716 1880 883 1940 utendarum
895 1926 909 1956 ,

164 1957 168 1970 '
227 1980 258 2020 ut
274 1981 325 2040 per
337 1959 461 2032 Cattos,
482 1962 584 2020 excisis
600 1961 812 2022 continentibus
828 1961 910 2020 Her·

227 2043 326 2119 cyniae'
338 2039 453 2119 sylvis,
477 2041 606 2120 legiones
625 2041 831 2101 Boiohoemum
853 2040 910 2121 [id

225 2121 360 2199 regioni,
382 2119 465 2198 quam
491 2121 656 2194 incolebat,
678 2121 910 2194 Maroboduus,

225 2219 334 2260 nomen
354 2197 428 2340 estd
443 2198 559 2260 duceret
579 2223 586 2261 ε
609 2201 668 2282 ipse
690 2224 705 2260 a
728 2199 908 2274 Carnunto;

192 2283 195 2290 ’
228 2281 278 2361 qui
299 2279 380 2340 locus
429 2282 500 2340 orici
523 2283 603 2363 regni
624 2285 771 2363 proicimus
792 2284 828 2340 ab
853 2285 911 2344 hac

227 2379 309 2442 parre
336 2378 422 2435 erat,
449 2366 631 2435 exercitum,
657 2365 706 2444 qui
730 2365 760 2420 in
782 2361 911 2442 Illyrico

228 2440 378 2514 merebat,
395 2442 501 2503 ducere
523 2445 553 2502 in
574 2441 801 2510 Marcomannos
825 2443 910 2503 orsus

229 2519 280 2580 est.
511 2597 512 2600 Ἴ

232 2619 235 2622 ·
269 2599 342 2662 CX.
363 2601 506 2684 Rumpit,
523 2604 665 2665 interdum
685 2619 815 2664 moratur
837 2627 911 2684 pro-

228 2683 321 2771 posita
354 2683 505 2742 bominum
536 2683 659 2745 fortuna.
693 2684 912 2763 Praeparaverat

226 2781 287 2862 pam
309 2762 440 2844 hyberna
462 2763 556 2828 Cesar
581 2766 618 2827 ad
638 2764 834 2840 Danubium,
856 2767 913 2826 ad·
