2014 3620
231 273 374 342 Hirr.
400 272 629 339 LrnrnII.
718 295 764 366 37
807 293 810 301 ¹

83 391 317 455 committeretur
327 388 389 448 sibi.
397 387 510 448 Metelli
519 387 779 450 tanrenlittriurn·¹

6 491 7 494 ’
83 476 159 554 plius
174 471 228 531 fuit
246 469 434 541 clarissimus,
452 469 483 530 δι
502 471 659 542 meritum3
677 471 771 529 virtu··
827 531 829 536 ,

84 556 166 634 tique
206 571 241 610 co
281 571 368 609 omen
395 548 541 610 Numidici
569 549 699 610 inditum.
725 549 789 622 Ur„

85 633 175 716 paulo
194 648 241 690 ant
272 628 413 690 Domitiae
430 629 563 702 familiae,
583 631 622 690 ita
640 627 770 690 Caeciliae

85 711 211 776 notanda
228 711 366 771 claritudo
389 709 429 772 est
444 733 452 772 :
468 714 574 792 quippe
594 712 667 770 intra
688 710 788 792 duo·„

86 793 182 854 decim
200 791 292 852 ferme
312 811 402 850 annos
425 789 508 872 hujus
524 808 593 852 ¹terri
636 794 672 850 ris
687 801 767 852 'con-

83 874 158 934 sules
184 871 265 934 fuere
297 871 435 945 Metelli„
463 888 511 933 aut
533 891 586 933 cen
599 891 666 931 ores
685 917 695 944 ,
719 887 786 946 aut,

84 954 295 1034 triumpharunt
323 953 444 1032 ampliirs
463 951 618 1010 duodecim
636 974 647 1025 ;
667 969 698 1011 ut
715 973 787 1032 apa!

85 1051 205 1116 pareat,
226 1031 474 1114 quemadmodum
494 1031 611 1091 urbium
629 1034 770 1110 imperio*

85 1135 230 1198 rumque,
249 1115 436 1194 itagentium
455 1131 531 1172 nunc
550 1111 655 1170 florere
675 1109 771 1172 fortu-

85 1218 173 1266 nam,
189 1194 265 1255 nune
284 1191 448 1262 senescere,
465 1213 539 1252 nunc
556 1193 682 1252 interire.
767 1208 772 1252 ;

111 1331 114 1335 .
127 1273 208 1334 Xll.
216 1273 257 1332 At
266 1270 303 1332 C.
312 1272 421 1332 Marius
431 1272 464 1332 L.
474 1270 599 1345 Sullam,
610 1269 667 1350 jam
677 1287 746 1332 tunc
754 1284 771 1346 ,ζ

87 1371 120 1416 ut
145 1353 372 1437 praecaventibus
395 1351 488 1426 fatis,
521 1352 687 1433 copulatum
711 1353 768 1415 sibi

88 1433 275 1514 Quaestorem
298 1433 418 1507 habuit,
440 1435 472 1494 ὅ(
495 1454 548 1514 per
567 1454 633 1494 curn
654 1432 786 1502 millum¹

88 1516 125 1584 ad
144 1535 242 1596 regern
264 1513 433 1585 Bocchum,
453 1513 591 1596 Iugurtha
610 1534 700 1596 rege,
716 1515 769 1575 aba

87 1596 154 1656 hinc
175 1617 265 1656 annos
288 1593 380 1654 ferme
402 1612 515 1655 centum
539 1597 652 1677 triginta
680 1590 768 1669 odio,

86 1680 196 1760 potitus
215 1674 257 1736 est
274 1674 459 1756 :designatus
476 1695 512 1734 ue
527 1677 630 1736 iterum
649 1673 769 1752 consul,

87 1761 119 1818 in
145 1757 260 1818 Urbem
286 1755 415 1816 reversus
433 1798 442 1828 ,
457 1697 579 1816 lecundi
607 1755 769 1818 consulatis

88 1839 172 1896 initio
184 1835 309 1895 Calend.
323 1835 382 1893 lan.
397 1854 465 1894 eum
476 1838 507 1892 in
518 1836 663 1915 triumpho
676 1837 767 1898 duxit.

89 1914 184 1978 Effusa
196 1959 205 1991 ,
221 1931 253 1974 ut
267 1914 473 1995 praediximus,
489 1915 618 1974 immanis
636 1917 679 1976 vis
692 1914 770 1976 Ger-

80 2011 238 2057 manarum
276 1996 405 2069 entium,
426 1994 529 2076 quibus
551 2014 659 2054 nornen
683 1993 767 2056 Cim·

89 2078 171 2151 bris,
187 2096 219 2136 ac
266 2077 379 2136 curonis
396 2091 473 2149 erat,
490 2097 579 2158 quum
595 2073 769 2158 Caepionem

88 2157 231 2220 Manlium
252 2177 289 2216 ue
311 2155 376 2216 roff.
391 2158 423 2218 &
439 2157 503 2216 ante
521 2153 687 2220 Carbonem
698 2155 769 2218 Sila·

88 2258 217 2322 numque
233 2179 366 2296 iudillent
382 2235 576 2318 sugillentque
594 2240 624 2296 in
641 2237 770 2312 Galliis,

90 2321 125 2380 δι
140 2316 277 2378 exuiffent
291 2318 418 2376 exercitu
429 2337 438 2389 3
451 2315 643 2396 Scaurumque
659 2319 691 2378 ὅ(
703 2317 768 2378 Λιι-

38 2452 39 2455 ,
89 2400 193 2462 relium
215 2395 282 2460 coff.
301 2399 333 2458 &
352 2395 424 2456 alios
446 2396 625 2456 celeberrimi
642 2400 793 2460 nominis„
837 2455 840 2459 .

88 2483 168 2543 viros
184 2475 388 2550 trucidaillent3
404 2477 529 2558 populus
542 2475 688 2538 Romanus
706 2500 768 2538 non

26 2626 27 2630 ,
89 2561 179 2622 alium
207 2558 380 2639 repellendis
408 2558 494 2616 tantis
522 2556 650 2618 hostibus
677 2561 770 2640 magis

89 2641 229 2702 idoneum
252 2641 482 2720 imperatorem,
503 2637 589 2718 quam
613 2633 763 2712 Marium,

91 2717 134 2784 est
146 2718 322 2783 ramsaTum
333 2719 512 2802 multiplicati
523 2716 685 2784 consulatus
695 2717 770 2801 ejus.
