2014 3620
266 316 312 396 50
385 296 426 370 C.
452 297 586 364 Vm.
612 296 817 365 Parare.

264 414 377 476 civibus
391 412 606 486 infestissimus,
620 411 778 494 quietisque
789 414 828 474 itn
852 414 944 476 atien-

263 498 397 556 tissimus.
410 493 444 556 ln
459 491 541 574 hujus
554 493 651 552 locum
667 491 795 553 suffeuus
838 495 943 557 alerius

261 576 380 638 Flaccus
399 576 571 655 turpissimae
589 572 661 655 legis
677 573 774 636 audior
785 619 795 647 ‚
807 575 863 657 qui
881 598 943 637 cre·

260 656 404 716 ¹ditoribus
424 654 611 738 quadrantem
623 653 695 715 solvi
713 651 825 734 jusserat
837 677 845 717 ε
859 655 942 738 cujus

261 735 328 798 sadi
359 737 459 796 merita
483 755 550 796 eum
575 755 662 816 poena
690 738 764 796 intra
790 735 941 798 biennium

261 815 414 878 consecuta
435 813 487 877 est.
509 813 689 876 Dominante
711 817 741 876 in
765 813 847 890 ltalia
865 816 942 880 Cin-

261 897 320 968 ni,
343 894 437 977 major
457 917 522 978 pars
545 896 701 956 nobilitatis
722 896 759 958 ad
782 890 891 958 Sullam
908 901 941 962 in

261 977 427 1048 Achaiam,
447 999 480 1038 ac
499 977 604 1037 deinde
623 975 688 1059 pbst
705 978 734 1036 in
752 976 855 1038 Asiam
872 1000 942 1060 per·

210 1091 211 1094 ¹
260 1054 291 1120 su
313 1061 344 1120 it.
360 1055 438 1119 Sulla
457 1059 572 1118 interim
589 1078 655 1118 curn
672 1055 847 1119 Mithridatis
863 1081 941 1140 prae-

261 1079 365 1210 fedis,
382 1141 456 1200 circa
466 1139 597 1200 Athenas
609 1136 753 1198 Boeotiam
774 1159 810 1199 ue
825 1140 858 1202 δι
871 1139 941 1200 Ma·

260 1221 413 1282 cedoniam
429 1222 467 1279 ita
480 1219 647 1294 dimicavit,
658 1236 690 1280 ut
705 1219 737 1281 δι
778 1219 878 1279 thenas
891 1241 941 1282 re-

260 1299 563 1382 ciperet,&plurimo
572 1299 828 1380 circamultiplices
837 1299 940 1362 Piraei

187 1388 190 1394 '
260 1397 363 1462 portus
383 1381 555 1441 munitiones
575 1378 674 1440 labore
696 1380 814 1463 expleto
837 1425 847 1452 ,
875 1401 942 1442 am·

259 1459 336 1542 plius
355 1459 478 1520 ducenta
495 1458 724 1521 milliahoslium
741 1459 939 1538 interficeret,

259 1561 314 1600 nec
331 1541 425 1601 minhs
441 1541 531 1601 multa
547 1531 673 1622 capere't.
687 1539 718 1602 Si
736 1541 801 1624 quis
818 1541 875 1602 hoc
892 1562 942 1604 re.-

257 1614 385 1682 bellandi
399 1638 536 1704 tempus,
554 1641 613 1704 quo
625 1617 748 1681 Athenae
762 1627 940 1705 oppugnatae

258 1723 277 1762 a
293 1699 372 1762 ¹Sulla
383 1698 473 1776 sunt,
489 1703 610 1843 imputat
625 1700 872 1778 Atheniensibus,
890 1705 940 1766 ni·

257 1784 364 1844 mirum
374 1783 438 1844 veri
450 1799 520 1843 vetu
546 1780 651 1863 arisque
662 1783 773 1865 ignarus
786 1780 826 1842 est
838 1784 938 1848 :adeo

258 1865 337 1924 ‘enirn
355 1882 434 1925 certa
450 1861 672 1926 Atheniensium
686 1865 715 1924 in
729 1861 881 1924 Romanos
899 1863 940 1925 fi-

258 1945 317 2005 des·
330 1943 404 2018 suit,
422 1961 453 2004 tn
470 1943 583 2026 semper
600 1944 632 2005 δι
650 1945 679 2003 in
696 1945 777 2004 omni
796 1963 827 2003 re
848 1946 939 2026 quid·¹

280 2025 330 2082 uid
348 2024 458 2084 sincerii
480 2023 540 2084 side
565 2039 737 2106 gereretur,
761 2024 792 2084 id
808 2023 939 2088 Romani

290 2103 359 2162 nicei
370 2101 432 2162 sieri
443 2103 639 2184 praedicarent.
652 2101 790 2170 Ceterirm
803 2123 864 2164 tum
876 2103 938 2187 op-'

257 2184 350 2266 pressi
369 2181 541 2244 Mithridatis
559 2185 645 2244 armis
664 2185 796 2246 homines
810 2184 937 2248 miserri-

257 2285 314 2325 mae
331 2263 524 2338 conditionis,
546 2285 635 2346 quum
652 2265 688 2325 ab
708 2267 830 2326 inimicis
848 2283 937 2329 tene·

257 2363 376 2418 rentur,
389 2347 626 2430 oppugnabantur
642 2347 678 2408 ab
692 2349 791 2408 amicis
803 2368 812 2420 3
826 2347 857 2408 δι
874 2351 937 2409 ani·

257 2446 323 2485 rnos
336 2443 415 2486 extra
425 2427 532 2487 moenia
541 2473 551 2498 ,
561 2447 689 2508 ‚corpora
701 2427 864 2488 necessitati
878 2427 936 2490 ser·

255 2507 370 2566 vientes
391 2507 462 2566 intra
479 2528 576 2569 muros
594 2507 744 2570 habebant.
761 2505 936 2590 Transgres-

257 2581 303 2646 sus
320 2586 424 2648 deinde
440 2589 469 2647 in
480 2587 582 2650 Asiam
595 2586 690 2664 Sulla,
701 2604 850 2670 parentem
864 2608 935 2653 anre

257 2667 375 2741 omnia,
395 2665 609 2751 supplicemque
633 2667 822 2730 Mithridaten
848 2671 934 2733 inve·

254 2748 297 2828 nir
307 2769 318 2824 ς
330 2767 417 2830 quem
433 2749 582 2813 multatum
599 2748 722 2832 pecunia
736 2771 769 2811 ac
783 2768 866 2834 parte
878 2773 933 2816 na·
