2020 3618
237 324 379 395 Hirr.
404 326 563 396 Linrn
591 325 645 394 II.
707 315 764 420 ‘91

89 443 236 516 Romam,
255 445 387 504 immanis
399 445 558 504 amicorum
575 445 698 504 occurrit
712 443 768 504 fre·

90 527 208 607 quentia
225 547 235 598 ;
252 526 283 586 &
301 545 389 606 quum
407 526 524 585 intraret
542 525 677 598 Urbem,
691 522 767 584 Solis

91 605 170 666 orbis
191 603 273 687 super
292 622 377 686 caput
395 603 456 684 eius
466 650 478 678 ,
500 623 632 666 curvatus
651 605 768 687 aequali·

91 702 156 758 ter,
173 685 395 768 rotundatusque
411 689 441 746 in
458 686 587 747 colorem
600 686 683 746 arcis
693 707 766 758 ‚tre-

89 765 144 826 luti
162 787 299 828 coronam
317 769 388 828 tanti
408 787 478 827 mox
494 769 549 830 viri
568 769 653 848 capiti
670 769 767 848 impo-

88 867 183 920 nens,
199 846 367 930 conspe&us
387 845 439 907 est.

129 926 192 987 LX.
214 927 285 988 Non
304 926 435 1008 placebat
452 925 541 987 Attiae
561 929 643 988 nutri
659 891 766 1007 Philip·
791 898 794 904 Δ

87 1027 188 1090 peque
204 1005 315 1068 Vitrico
330 1008 403 1068 adiri
420 1027 530 1067 nomen
545 1007 692 1088 invidiose
705 1006 767 1066 for·

88 1105 167 1148 tunae
195 1085 313 1149 Caesaris
342 1085 427 1163 ;vsed
454 1085 610 1148 afferebant
637 1085 768 1148 salutaria

86 1165 254 1248 reipublice
278 1185 477 1250 terrarumque
498 1167 576 1228 orbis
594 1167 652 1227 fata
669 1167 769 1228 condi·

87 1264 185 1308 torem
207 1245 442 1310 conservatorem
484 1268 500 1308 e
523 1245 649 1310 Romani
672 1249 768 1308 nomi·

88 1329 143 1390 nie.
155 1324 272 1408 Sprevit
288 1331 384 1410 itaque
398 1350 447 1390 -coe
460 1326 524 1390 estis
541 1330 652 1389 animus
668 1329 767 1390 huma·

88 1429 128 1470 na
144 1408 284 1482 consilia,
301 1411 333 1472 &
349 1430 416 1470 cum
431 1408 561 1492 periculo
578 1410 674 1492 potius
692 1408 766 1470 sum·

33 1565 38 1569 -
89 1509 159 1559 ma,
177 1488 263 1570 quim
275 1491 337 1552 tuto
353 1491 489 1561 humilia,
506 1489 656 1572 proposuit
667 1488 767 1572 sequit

89 1569 250 1652 maluitque
259 1571 402 1632 avunculo
415 1573 447 1633 &
458 1567 561 1632 Caesari
573 1571 608 1631 de
620 1569 668 1644 se,
680 1571 768 1654 quint

89 1648 204 1712 Vitrico
215 1651 351 1726 credere,
365 1651 491 1712 diffitans
504 1695 514 1724 ,
525 1650 604 1712 nefas
616 1649 692 1722 esse,
708 1671 767 1731 quo

88 1733 210 1791 nomine
228 1729 333 1793 Cesari
351 1733 452 1814 dignus
471 1729 540 1791 effet
553 1730 648 1804 visus,
666 1729 770 1792 semet·

88 1809 182 1894 ipsum
193 1811 288 1871 videri
298 1812 457 1892 indignum.
466 1811 553 1870 Hunc
565 1813 694 1892 protinus
707 1811 770 1871 An·

88 1892 188 1952 tonius
211 1889 308 1952 consul
326 1891 446 1972 superbe
472 1891 576 1970 excipit
600 1887 721 1972 [neque
744 1893 768 1952 is

90 1987 153 2033 erat
168 1988 371 2053 contemptus,
387 1971 437 2032 sed
459 1970 574 2053 metus]
592 1973 699 2052 vixque
717 1972 768 2034 ad:-

89 2049 174 2113 miffo
195 2053 224 2110 in
241 2051 434 2134 Pompeianos
452 2052 554 2112 hortos
571 2052 711 2135 loquendi
723 2050 768 2113 se·

89 2152 158 2193 cum
172 2149 285 2215 tempus
301 2135 401 2208 dedit3
415 2155 486 2194 mort
501 2135 610 2208 etiam,
625 2133 707 2194 velut
725 2136 769 2194 in-

90 2213 170 2274 sidiis
186 2211 246 2292 ejus
259 2218 385 2296 petitus,
400 2213 515 2280 sceleste
528 2214 694 2275 insimulare
707 2235 766 2278 coe·

89 2295 135 2375 pit
153 2295 207 2354 :in
227 2315 286 2375 quo
308 2297 430 2376 turpiter
447 2292 624 2376 deprehensa
642 2291 704 2372 ejus
717 2315 769 2354 va-

89 2375 164 2434 nitas
182 2371 231 2434 est.
249 2376 362 2458 Aperte
384 2374 489 2435 deinde
507 2375 628 2436 Antonii
651 2394 683 2434 ac
702 2371 768 2436 Do·

1 2516 2 2521 ,
88 2453 204 2516 labellae
230 2455 379 2518 consulum
403 2456 440 2516 ad
462 2453 617 2515 nefandam
636 2449 768 2516 domina'·

89 2537 204 2596 tionem
232 2539 325 2618 erupit
353 2536 442 2598 furor.
470 2533 637 2597 Sestertium
663 2533 768 2616 septies

88 2617 216 2690 millies,
234 2616 399 2700 depositum
416 2615 608 2679 aQ-Caesare
621 2615 657 2676 ad
672 2616 766 2676 aedem

82 2693 170 2778 ¹Opis
189 2737 200 2767 ,
223 2715 394 2781 occupatum
412 2698 448 2758 ab
467 2699 618 2770 Antonio,
637 2695 767 2758 afiorum

89 2775 241 2858 ejusdem,
248 2779 358 2842 ¹insertis
368 2779 446 2842 falsis
455 2824 465 2856 ,
475 2775 690 2861 indubitateque
703 2797 766 2847 cor·⁴

872 1693 892 1722 l
