2020 3618
198 269 361 338 ΗΜ.
388 271 537 338 Lraa‘n
563 267 620 338 11.
701 294 743 364 93

72 403 196 529 plraetore
223 387 279 448 una
306 408 373 448 cum
399 385 561 448 consulibus
593 383 751 470 designatis

106 471 169 528 irtio
183 469 215 528 &
226 467 332 543 Pansa,
347 468 455 528 bellurn
473 489 539 528 eum
554 465 686 528 Antonio
699 488 751 550 ge*

73 570 137 610 rere
155 546 242 628 jussit.
263 549 294 608 id
312 549 347 608 ab
367 569 403 610 eo
421 569 527 608 annum
545 566 648 632 agente
668 551 751 610 vice-

75 633 179 689 simum
195 627 348 688 fortissime
368 633 442 690 circa
456 629 601 690 Mutinam
618 627 751 688 adminisa

74 727 178 770 tratum
194 707 260 784 est;
278 707 367 778 &‚D.
387 711 490 770 Brutus
509 711 661 770 obsidione
679 709 751 770 libe·

74 807 159 850 ratus.
176 788 321 850 Antonius
340 792 416 870 turpi
434 805 468 864 a‘c
485 790 563 848 nudi
582 789 649 870 fugai
667 811 750 850 coac·

73 887 119 930 tus
130 868 260 930 deserere
270 869 383 930 Italiam
396 891 403 928 :
415 867 562 930 consulum
574 887 669 929 autent
680 871 749 930 alter

75 954 105 1010 in
122 952 201 1022 acie,
217 951 285 1010 alter
304 949 367 1032 post
385 971 492 1032 paucos
508 950 569 1010 dies
582 971 617 1010 ex
629 951 750 1012 vulnere

75 1046 200 1091 mortem
218 1032 299 1091 obiit.

116 1109 227 1171 LXII.
250 1109 358 1171 Ornnia
382 1111 475 1179 ante,
499 1111 584 1192 quim
607 1110 751 1194 fugaretur

75 1190 244 1262 Antonius,
257 1190 416 1253 honorifice
429 1213 446 1250 a
461 1190 558 1252 senatu
568 1194 597 1250 in
607 1191 751 1254 Caesarern

78 1274 294 1352 exercitumque
313 1271 375 1351 ejus
395 1272 509 1332 decreta
527 1271 609 1346 sunt,
625 1275 750 1334 maxime
811 1315 816 1322 ,

77 1351 193 1412 auiiore
212 1349 355 1412 Cicerone
373 1375 383 1427 3
398 1351 447 1412 sed
460 1370 491 1413 ut
506 1357 623 1414 recessit
637 1371 750 1426 metus,

78 1434 173 1512 erupit
189 1433 344 1504 voluntas,
362 1433 546 1516 protinusque
563 1437 688 1516 partibus
707 1450 752 1494 re'·

79 1513 133 1572 diit
149 1514 269 1573 animus.
286 1513 374 1574 Bruto
395 1512 554 1595 Cassioque
572 1517 751 1596 provincia,

78 1614 150 1674 quas
170 1591 228 1673 jam
250 1597 304 1674 ipsi
326 1597 387 1654 siue
408 1595 468 1655 ullo
486 1595 753 1656 senatus-consultu

72 1692 312 1813 occupaverant,
332 1676 454 1735 decretae
472 1697 481 1748 ;
503 1675 608 1734 laudati
624 1679 755 1758 quicum·

79 1775 136 1835 que
178 1758 201 1813 is
221 1753 249 1814 se
271 1757 411 1814 exercitus
430 1753 606 1814 tradidissent
624 1777 633 1828 3
656 1757 754 1816 omnia

78 1831 261 1894 transmarina
285 1836 326 1892 im
347 1837 404 1894 eria
426 1853 527 1894 eorum
547 1833 692 1894 commissa
709 1856 755 1895 ar-

78 1915 175 1975 bitrio.
192 1913 314 1996 Quippe
327 1855 371 1974 iti·
384 1915 507 1986 Brutus,
523 1915 555 1975 δι
569 1913 604 1976 C.
618 1913 752 1990 Cassius,

79 2015 156 2054 nunc
173 2012 338 2054 metuentes
354 2015 432 2055 arma
452 1993 574 2056 Antonii
593 2042 602 2072 ‚
620 2017 695 2057 nunc
718 1997 755 2058 ad

80 2075 242 2158 augendam
268 2073 331 2156 ejus
355 2077 518 2150 invidiam,
539 2077 701 2138 simulantes
724 2077 754 2139 se

80 2174 211 2217 metuere
232 2179 242 2230 ;
262 2155 354 2216 testati
373 2156 491 2230 edibus,
511 2158 636 2218 libenter
657 2157 686 2218 se
706 2159 756 2218 vel

81 2239 113 2296 in
133 2255 276 2317 perpetuo
297 2236 397 2296 exsilio
411 2236 558 2308 viantes,
573 2237 642 2296 dum
658 2239 756 2318 reipu-

81 2317 166 2378 blicae
180 2316 321 2377 constaret
333 2317 507 2388 concordia,
522 2337 576 2376 nec
589 2317 675 2376 ullam
686 2317 757 2378 belli

83 2396 175 2456 civilis
185 2399 354 2478 praebituros
364 2399 527 2470 materiam,
560 2396 760 2458 lurimiimsibi'

82 2477 203 2536 honoris
222 2476 277 2537 effe
296 2481 326 2538 in
345 2477 519 2538 conscientia·
556 2476 592 2536 tii
610 2476 671 2550 sui,
688 2495 757 2558 pro·-

81 2557 151 2617 feeii
174 2557 256 2617 Urbe
282 2574 366 2639 atque
387 2557 487 2632 Italia,
509 2561 621 2617 intento
643 2579 675 2618 ac
697 2561 758 2640 pari

1 2659 5 2667 ·
82 2641 208 2711 animo,
228 2639 288 2698 sine
306 2638 468 2700 euiioritate
484 2638 619 2720 publica,
636 2641 758 2720 provin.-

81 2721 143 2781 eias
167 2717 363 2803 exercitusque
385 2735 622 2803 occupaverant,
642 2721 675 2784 δι
693 2719 763 2778 ubi*
