2020 3618
235 294 373 366 Hirr.
401 278 557 365 [ιω
585 295 638 365 ΙΙ,
698 319 759 368 121

7 473 8 484 ,
87 435 148 498 que
164 416 196 478 &
211 416 393 511 amplissimis
406 413 563 476 honoribus
578 411 664 474 sunsli
673 456 685 486 ,
698 416 767 476 hor·

90 513 150 557 ratu
168 499 257 578 princr
281 517 304 555 rs
321 497 356 556 ad
378 495 534 555 ornandam
553 494 665 554 Urbem
682 496 768 556 illelli

89 577 163 638 sunt.
190 519 363 638 Conlularus
385 576 588 636 tantummodo
614 574 652 634 us
668 597 704 637 ue
730 577 768 637 ad

89 659 302 730 undecimum,
329 677 417 738 quem
443 658 622 716 continuaret
646 598 767 734 gaasar,

89 759 177 819 quum
189 738 263 820 saepe
274 735 615 818 obnitensrepugnaffer‚
629 739 769 818 impetra-

90 822 113 877 ri
126 821 239 899 potuit:
256 838 322 877 nam
338 816 526 890 dislaturam,
544 817 629 897 quarn
642 821 768 898 pertina-
837 853 839 856 ·
878 889 882 906 x

89 901 164 959 citer
177 901 204 959 ei
216 897 364 958 deserebat
375 897 520 978 populus,
533 913 592 956 tam
605 897 768 959 constanter

89 979 207 1059 repulit.
221 976 302 1038 Bella
315 977 365 1038 sub
381 981 557 1057 imperatore
570 976 666 1060 gesta,
683 1001 769 1060 paca-

89 1059 191 1141 rusque
202 1057 328 1120 visleriis
337 1077 477 1120 terrarum
487 1057 678 1133 orbis,&tot
687 1079 769 1120 extra
828 1067 831 1088 ¹

89 1139 201 1200 Italiam
214 1140 352 1222 domique
363 1159 471 1220 opera,
485 1159 571 1199 omne
586 1141 643 1199 aevi
656 1138 697 1200 sui
709 1139 770 1220 spa·

88 1223 161 1280 tium
180 1218 377 1302 impensurum
392 1222 421 1279 in
437 1221 468 1279 id
484 1218 576 1279 solum
589 1240 663 1300 opus
680 1218 768 1304 scrip-

64 1351 66 1356 .
89 1317 188 1361 rorem
207 1300 338 1383 fatIgent.
355 1300 420 1361 Nos
442 1321 587 1360 memores
606 1299 768 1381 professio-

88 1384 153 1456 nis,
169 1379 334 1442 universam
349 1382 502 1520 imaginem
519 1380 693 1463 principatbs
705 1379 767 1464 ejus

88 1463 181 1523 oculis
201 1460 356 1541 animisque
374 1461 403 1520 su
424 1459 554 1541 jecimus.

128 1539 204 1603 XC.
226 1540 375 1624 Sepultis,
398 1559 430 1601 ut
456 1542 663 1624 praediximus,
683 1543 768 1604 bellis

84 1623 224 1703 ¹civilibus
251 1665 260 1695 ,
292 1621 570 1704 coalescentibusque
602 1624 768 1704 reipublicae

89 1705 228 1767 membris
247 1723 284 1762 eo
302 1721 438 1776 curante,
459 1725 522 1784 quae
541 1720 599 1762 tam
617 1704 703 1784 longa
720 1725 768 1763 ar-

89 1805 206 1844 morum
229 1781 315 1842 series
338 1783 535 1856 laceraverat,
554 1780 699 1843 Dalmatia
717 1787 768 1844 vi-

88 1867 159 1946 ginti
170 1866 204 1927 &
220 1862 362 1923 ducentos
379 1883 468 1922 annos
479 1863 593 1922 rebellis
608 1863 652 1924 ad¹
660 1880 768 1925 certam

88 1944 307 2005 confessionem
329 1941 491 2025 pacata'est
502 1945 629 2024 ¹imperii
646 1968 657 2020 3
675 1943 768 2027 Alpes

88 2025 157 2086 seris
174 2022 325 2107 multisque
342 2024 505 2086 nationibus
521 2024 649 2086 celebres
684 2027 770 2088 erdo·

88 2108 166 2166 rnirae
184 2127 195 2180 ;
215 2103 381 2186 Hispaniae,
399 2127 475 2166 nunc
492 2108 581 2188 ipsius
599 2046 768 2188 praelbnrifi,

89 2207 164 2246 nunc
189 2185 350 2268 Agr'rppae,
370 2207 458 2268 quem
483 2186 572 2266 usque
596 2191 625 2246 iu
650 2191 769 2248 tertium
866 2207 869 2217 ¹

88 2266 288 2340 consulatum,
305 2266 338 2325 δι
356 2287 427 2325 mox
445 2265 597 2348 collegium
613 2267 769 2328 tribunitiae

88 2345 240 2426 potestatis
250 2347 374 2413 amicitia
385 2347 520 2427 principis
531 2363 685 2422 evexerat,
696 2348 770 2407 mul-

86 2445 119 2487 to
141 2430 284 2508 varioque
304 2425 398 2486 Marte
418 2444 536 2508 pacatae.
553 2425 587 2486 ln
607 2448 676 2508 quas
698 2450 770 2509 pro-

87 2509 200 2568 vincias
218 2527 306 2587 quum
318 2508 400 2566 initib
411 2550 422 2580 ,
433 2505 568 2588 Scipione
586 2508 618 2568 ὃ(
633 2507 770 2590 Sempro·

87 2590 140 2647 nio
150 2587 256 2668 Longo
268 2587 448 2659 consulibus,
460 2591 553 2668 primo
565 2609 640 2648 anno
652 2587 769 2648 secundi

69 2667 191 2727 ¹Punici
208 2710 218 2740 ,
237 2665 339 2728 abhinc
359 2688 450 2728 annos
469 2668 611 2729 ducentos
628 2671 771 2751 quinqua-

70 2783 72 2790 ·
88 2750 187 2830 ginta,
198 2747 325 2810 Romani
336 2750 475 2812 exercitus
485 2753 567 2812 missi
576 2749 682 2888 ellanr‚
696 2751 769 2810 duce
