2014 3620
250 260 390 330 Hirr.
412 206 575 326 'Lrnian
600 213 653 328 Ii.
733 281 776 358 35

101 377 240 452 scientii,
254 377 341 458 quarn
357 376 483 457 propriae
497 376 672 458 eloquentiae
688 381 786 438 nomi·

102 483 164 533 ne,
180 457 321 520 celebrior
338 455 400 520 fuir.
419 454 505 518 Clara
524 459 611 518 etiam
631 477 684 538 per
706 455 786 520 idem

16 568 19 573 ·
105 543 164 602 aevi
190 537 309 622 spatium
333 535 413 598 fuere
441 538 582 618 ingenia,
605 539 635 596 in
661 535 787 619 Tuguria

105 619 237 692 Afranii,
246 620 276 678 in
283 616 446 700 Tragoediis
457 617 571 680 Pacuvii
581 634 667 700 atque
678 615 785 692 Accii,

104 699 238 796 usquein
263 695 435 770 Graecorurn
455 699 637 782 ingeniorum
660 719 728 760 corn
750 719 783 762 a.

103 799 243 842 ranonern
264 777 357 841 eveui
374 823 387 850 ‚
409 798 603 862 magnumque
627 781 701 840 inter
724 719 781 842 iios

101 863 110 922 i
133 861 180 924 sos
191 861 322 923 facientis
336 861 419 941 operi
435 857 486 920 suo
502 859 601 920 locum
611 886 620 928 ς
632 858 707 920 adeo
720 861 783 940 qui·

101 884 193 1014 iem,
211 957 243 1002 ut
259 942 289 1000 in
308 940 364 1001 illis
381 939 479 1011 lirnae,
498 941 529 1000 in
552 937 608 1000 hoc
623 959 699 1020 pene
738 941 782 1002 lus

101 1023 239 1084 uideatur
256 1019 335 1082 fuiffe
357 1018 506 1102 surguinis.
523 1016 651 1080 Celebre
675 1021 707 1081 &
747 1041 783 1082 u·

101 1103 158 1164 cilii
181 1123 292 1164 nomen
314 1100 394 1173 fuit,
415 1101 466 1182 qui
488 1099 538 1162 sub
562 1098 594 1160 P.
616 1095 784 1176 Africano,

101 1181 281 1244 Numantino
298 1179 379 1241 bello
390 1199 488 1271 ‘eques
506 1179 700 1242 militaverat:
722 1202 782 1262 quo
895 1199 899 1209 “

102 1264 224 1344 quidem
240 1279 373 1342 ternpore
389 1262 502 1342 juvenis
517 1261 609 1322 adhuc
624 1260 783 1342 Iugurtha,

102 1365 136 1405 ac
156 1342 267 1424 Marius
279 1385 290 1413 ,
304 1339 355 1401 sub
373 1340 479 1402 eodem
495 1340 634 1404 Africano
655 1341 782 1402 militan-

100 1441 167 1497 tes,
180 1425 210 1482 in
225 1421 328 1483 iisdem
341 1420 437 1484 castris
448 1423 572 1484 didicere
583 1467 592 1497 ,
603 1443 666 1504 quae
678 1421 780 1504 postea

100 1506 131 1564 in
153 1505 301 1565 contrariis
319 1501 455 1564 facerent.
466 1501 663 1564 Historiarum
682 1503 779 1568 auiior
886 1531 888 1535 ·

98 1582 615 1746 iiii‘iirriiss‘iiini‘ssiiuiiiiii
629 1581 780 1727 {iiii}

100 1767 138 1808 eo
159 1745 280 1807 seniore
294 1745 405 1806 editum
429 1743 479 1806 est.
497 1742 644 1805 Vetustior
663 1743 782 1818 Sisenna

99 1825 154 1886 fuit
179 1823 319 1898 Coelius,
340 1825 458 1904 aequalis
483 1822 607 1884 Sisenna
630 1823 779 1898 Rutiliua-,

100 1903 299 1990 Claudiusque
323 1901 530 1985 Quadrigarius
553 1947 563 1977 ,
587 1903 619 1963 δι
645 1901 780 1967 Valerius

100 1985 218 2050 Antias.
227 1982 302 2045 Sane
312 2005 371 2044 non
382 1985 566 2068 ignoremus,
579 1982 682 2044 eidem
695 1993 780 2048 rotare
838 2011 845 2014 ·

97 2065 182 2129 fuisse
206 2063 400 2146 Pomponium
418 2109 429 2138 ‚
450 2063 586 2128 sensibus¹
601 2065 748 2135 celebrem
767 2074 784 2140 ζ

98 2147 198 2212 verbis
223 2145 350 2220 rudem,
371 2146 557 2240 &novitate
578 2147 726 2210 inuenriu
748 2145 780 2210 se

66 2388 69 2393 ι
99 2225 505 2390 opiciili’ecriiiilnriiriiirarbiigiinr
514 2301 697 2367 severitatem
710 2273 786 2368 ‘cen-v

97 2389 215 2464 sorum,
231 2385 327 2448 Cassii
335 2387 479 2469 Longini,
493 2383 714 2466 Caepionisque‚
727 2389 785 2468 qui.

96 2471 202 2531 abhinc
230 2489 321 2528 annos
347 2485 463 2528 centum
489 2468 690 2548 quinquaginta
713 2466 778 2548 sep·

96 2567 178 2622 tem,
197 2548 238 2610 Le
260 2546 340 2610 idum
356 2547 505 2608 AEmiliunr
522 2567 680 2628 augurem,
695 2547 777 2628 quod

97 2629 148 2690 sex
162 2571 292 2690 milliius
306 2629 383 2690 aedes
401 2625 577 2691 conduxisset
588 2665 599 2698 ‚
616 2625 709 2688 adeffe
723 2625 779 2708 jus-

97 2709 204 2773 serunt.
215 2711 257 2774 At
272 2731 369 2784 nunc,
385 2709 488 2792 siquis
503 2707 715 2850 nantilliabitet,
727 2711 786 2790 vin·

622 2809 652 2867 v]
