2014 3620
225 365 366 438 Hrsr.
392 369 544 462 Lruan
569 365 623 460 Ι.»
721 335 748 464 ⁴5

65 487 151 549 hunc
171 482 368 568 insequentem
386 481 553 546 Thellalum
576 507 610 546 ea
624 503 701 627 pens
723 486 755 546 id

63 567 201 628 nominis
221 565 408 647 usurpaverit.
431 565 519 626 Paulo
538 568 603 626 aule
656 568 753 641 letes,

68 647 170 708 sextus
183 645 218 708 ab
231 647 374 722 Hercule,
389 645 526 728 Hippuris
539 646 631 722 filius,
646 646 753 708 Corin·-

69 728 175 802 thum,
191 749 254 808 qua
272 745 355 788 antea
370 726 463 787 fuerat
475 725 617 809 Ephyre,
633 725 753 788 claustra

68 807 269 890 Peloponnesi
282 810 500 881 continentem,
517 812 546 873 in
559 807 666 868 lsthrno
684 831 754 870 con·

69 889 158 950 didit.
179 887 284 969 Neque
308 887 349 948 est
372 887 451 968 quod
471 891 606 948 miremur
626 889 661 947 ab
683 889 752 949 Ho-

69 989 157 1030 mero
174 971 316 1028 nomrnari
336 965 511 1030 Corinthum
527 992 534 1029 :
550 989 616 1028 nam
633 990 669 1028 ex
707 991 755 1028 er-

68 1049 144 1110 sona
162 1049 259 1109 Poetae
279 1050 311 1110 &
330 1048 401 1108 hanc
420 1049 545 1120 urbem,
566 1051 598 1110 &
619 992 754 1130 quaddam

71 1128 180 1191 Ionum
209 1130 339 1190 colonias
361 1130 394 1187 iis
415 1129 579 1188 nominibus
598 1128 722 1209 appellat
743 1174 754 1200 ,

72 1211 180 1292 quibus
194 1210 373 1270 vocabantur
389 1225 471 1268 aetate
487 1206 570 1290 ejus,
584 1209 676 1269 multo
689 1207 755 1292 post

72 1291 163 1354 llium
179 1311 211 1350 ca
233 1308 296 1350 tum
312 1289 446 1351 conditae.

117 1369 177 1432 lv.
229 1367 388 1432 thenienles
403 1372 432 1430 in
443 1367 553 1430 Euboea
565 1367 707 1431 Chalcida
722 1348 755 1432 dc

73 1451 239 1515 Erethriam
259 1452 369 1512 colonis
389 1471 596 1533 occupavere3
616 1451 756 1512 Lacedae·

74 1536 170 1594 monii
196 1537 226 1592 in
255 1531 326 1593 Asia
351 1531 539 1616 Magnesiam.
571 1529 636 1592 Nee
663 1533 757 1594 multi)

74 1611 142 1698 post
160 1610 383 1686 Chalcidenses,
401 1616 479 1686 orti,
497 1630 528 1672 ut
547 1613 756 1694 praediximus,

76 1687 209 1770 Atticis,
235 1693 382 1776 Hippocle
406 1697 439 1757 &
461 1691 651 1776 Megasthene
674 1694 759 1754 duci-

74 1775 153 1848 bus,
171 1774 278 1838 Cumas
294 1777 325 1835 in
341 1774 422 1835 Italia
439 1774 641 1836 condiderunt.
660 1773 757 1851 Hujus

77 1855 174 1916 classis
193 1855 307 1915 cursum
323 1853 379 1914 elle
396 1853 536 1914 direilum
549 1853 596 1913 alii
612 1855 756 1915 columbae

77 1934 275 1996 antecedentis
294 1935 394 1996 volatu
411 1933 529 2010 ferunt3
551 1936 598 1994 alli
618 1933 763 1996 nollurno‘

78 2018 144 2077 aeris
160 2013 258 2090 sono,
282 2015 372 2098 qualis
393 2011 561 2076 Cerealibus
581 2013 664 2075 sacris
687 2017 758 2076 cieri

78 2095 163 2160 solet.
181 2095 368 2158 Parthorum
386 2098 495 2156 civium
512 2117 559 2156 ma
600 2118 618 2156 o
655 2095 699 2157 ost
716 2101 759 2158 in·

78 2177 202 2239 tervallo
214 2176 372 2260 Neapolim
384 2176 525 2237 condidit.
541 2115 698 2258 [diiudpe
712 2199 758 2237 ur·

77 2259 124 2320 bis
143 2259 248 2318 eximia
265 2256 379 2341 semper
393 2259 422 2316 in
433 2255 584 2318 Romanos
601 2256 674 2317 fides
691 2257 759 2319 facit

5 2399 6 2408 ,
80 2359 129 2400 eas
152 2337 324 2410 nobilitate,
348 2353 434 2420 atque
457 2339 620 2397 amoenitate
644 2337 692 2398 sui
714 2339 759 2398 di·

6 2479 7 2482 ,
80 2419 230 2502 guissirnas
247 2440 254 2478 :
272 2415 322 2478 sed
341 2419 402 2478 aliis
425 2416 591 2500 diligentior
612 2417 683 2478 ritds
706 2440 759 2500 pa-

6 2535 7 2560 t
79 2501 125 2560 tn'i
140 2499 245 2559 mansit
264 2495 413 2572 custodia3
434 2494 584 2559 Cumanos
600 2496 678 2559 Osca
696 2519 759 2560 nru-

80 2583 152 2640 tavit
166 2579 283 2639 vicinia.
300 2578 386 2640 Vires
406 2595 503 2639 autem
523 2594 640 2640 veteres
658 2599 758 2642 earum

7 2709 8 2728 ,
82 2660 196 2719 urbium
210 2659 356 2742 hodieque
369 2660 537 2742 magnitudo
550 2657 674 2720 ostentat
687 2681 760 2720 moe·
836 2682 838 2686 ·

7 2781 8 2794 r
83 2740 171 2798 nium.
200 2737 387 2830 Spbsequenti
416 2758 551 2822 ternpore
579 2759 683 2822 magna
715 2743 759 2800 vis

83 2817 196 2883 Graeeae
211 2823 386 2900 ntentans,
403 2819 574 2882 abundantii
577 2822 698 2960 lpirium
716 2817 761 2890 seq

627 2919 658 2980 ¹¹1
