2014 3620
238 341 380 414 Hrsr.
406 343 565 410 ΗΒΕΑ
590 339 622 412 1.
718 361 766 446 Ι17

91 461 184 534 fore,
204 462 229 520 si
251 467 358 523 nomen
378 459 496 544 usquam
517 459 621 522 stantis*
639 475 771 521 maneret

93 543 300 624 Carthaginis3
321 542 395 604 adeo
417 543 542 618 odium,
566 541 771 602 certaminibus

93 641 215 696 ortum,
236 623 310 683 ultra
325 640 434 684 metum
449 623 554 695 durat,
573 625 605 685 &
620 642 657 682 ne
676 625 704 682 in
721 624 771 681 vi·

95 703 149 766 &is
166 703 283 786 quidem
300 704 477 786 deponitur,
496 712 592 786 neque
610 703 676 764 ante
694 705 773 764 invi-⁶

94 784 156 849 sum
171 783 228 846 eise
243 785 369 856 desinit,
389 785 475 866 quim
492 783 546 845 esse
565 785 660 844 desiit.

134 863 231 926 XIII.
254 866 332 928 Ante
352 867 508 926 triennium
525 864 610 946 quam
625 862 730 924 Cantha
750 885 773 926 o
842 927 847 940 ‚

91 947 260 1018 deleretur,
275 945 319 1007 M.
338 943 435 1018 Cato,
471 964 606 1026 erpetuus
623 883 771 1006 diruenda

94 1027 159 1106 ejus
181 1025 303 1097 audior,
324 1025 358 1086 L.
383 968 571 1098 CenImino,
593 1023 637 1085 M.
658 1023 773 1086 Manlio

94 1105 164 1168 coss‘.
186 1125 313 1168 mortem
338 1105 422 1168 obiit.
449 1105 564 1166 Eodem
587 1125 688 1176 anno,
713 1119 776 1186 quo·

94 1187 241 1270 Carthago
264 1187 411 1258 concidit,
431 1186 466 1249 L.
484 1185 646 1246 Mummius
666 1183 776 1246 Corin·

94 1270 197 1342 thum,
211 1266 277 1350 post
291 1289 381 1328 annos
394 1285 556 1351 nongentos
570 1270 618 1348 qui
679 1269 774 1350 aginta

96 1350 194 1421 duos,
216 1347 303 1432 quim
323 1348 360 1408 ab
376 1348 462 1410 Alete
481 1289 697 1430 Hippotisngiio
714 1363 776 1408 erat

95 1431 237 1505 condita,
254 1429 378 1491 funditus
396 1433 476 1490 eruit.
498 1430 630 1513 Uterque
641 1431 775 1510 impera-

96 1527 167 1582 tor,
192 1509 310 1572 devicta
328 1532 344 1570 a
362 1510 390 1571 se
406 1513 499 1594 gentis
517 1513 633 1571 nomine
650 1510 776 1570 honora·

97 1609 167 1666 tus,
186 1593 257 1653 alter
273 1591 447 1667 Africanus,
466 1593 539 1652 alter
556 1591 714 1672 appellatus
732 1590 773 1651 est

96 1673 242 1736 Achaicus
259 1695 268 1747 ;
290 1694 343 1734 nec
364 1673 511 1755 quisquam
528 1694 564 1732 err
578 1674 664 1731 novis
679 1671 776 1731 homi-

98 1755 183 1822 nibus
206 1756 285 1837 prior
308 1753 457 1814 Mummio
479 1773 644 1836 cognomen
666 1753 776 1813 virtute

98 1853 211 1918 partum
232 1835 400 1894 vindicavit.
422 1833 539 1894 Diversi
558 1831 780 1912 imperatoribus·

98 1935 221 1984 mores,
240 1912 351 1973 diversa
366 1913 446 1972 fuere
462 1911 559 1972 studia.
576 1911 698 2052 (fluippe
716 1909 778 1971 Sci·

99 1998 151 2079 pio
177 2012 236 2054 tam
262 1993 376 2075 elegans
400 1993 562 2054 liberalium
612 1993 744 2053 odiorum
765 2036 776 2066 ,

5 2117 7 2124 ι
99 2075 250 2158 omnisque
265 2076 402 2136 dotirinae
418 2077 450 2136 dt
467 2074 583 2148 audon,
605 2075 638 2136 &
654 2073 778 2133 admira-

98 2175 147 2219 tor
171 2155 247 2226 fuit,
274 2173 305 2216 ut
329 2155 507 2236 Polybium,
532 2155 776 2237 Panaetiumque,

98 2237 299 2322 praecellentes
321 2239 439 2318 ingenio
462 2239 567 2308 viros,
594 2237 674 2294 dorni
701 2235 778 2295 mili-

99 2321 207 2400 tiaeque
224 2318 321 2378 secum
334 2317 465 2376 habuerit
478 2337 486 2376 τ
499 2336 593 2396 neque
606 2317 685 2375 enim
701 2317 779 2396 quis·

101 2421 187 2481 quam
211 2399 267 2459 hoc
289 2397 425 2478 Scipione
449 2396 605 2479 elegantius
627 2396 778 2459 intervalla

99 2481 287 2563 negotiorum
313 2481 374 2539 otio
402 2477 575 2559 dispumat,
606 2475 779 2617 semperque

100 2579 149 2622 aut
166 2559 235 2621 belii
251 2576 299 2620 aut
314 2561 392 2640 pacis
410 2557 504 2619 serviit
520 2557 646 2618 artibus:
677 2577 779 2638 emper

100 2645 174 2702 inter
191 2661 270 2704 arma
283 2662 315 2701 ac
334 2639 424 2701 studia
441 2636 590 2708 versatus,
609 2654 657 2698 aut
672 2658 779 2718 corpus

124 2723 236 2782 ericulis
256 2739 305 2782 aut
323 2724 450 2782 animum
466 2719 619 2804 discipIInis
639 2719 779 2782 exercuit.

102 2743 264 2866 Iiummius
283 2819 342 2865 tam
362 2803 439 2864 rudis
459 2801 536 2879 fuit,
559 2818 591 2864 ut
611 2799 695 2883 captd
715 2796 780 2861 Co·
