2014 3620
234 311 280 364 22
370 285 409 360 C.'
435 293 567 360 νεα.
594 292 791 360 Parare.

232 409 328 472 arslati
353 411 495 490 temporis
522 427 685 491 congruens
712 406 853 488 spatium,
880 409 924 472 δι’

234 489 482 574 quemadmodum
499 488 591 548 clausa
610 489 696 572 capsi
714 490 811 550 aliove
830 489 914 572 septo

234 575 341 634 diversi
358 573 470 652 generis
486 569 637 643 animalia,
657 571 748 632 nihilo
764 573 856 632 minus
873 571 917 632 se·

232 669 329 734 parata
346 653 465 726 alienis,
489 652 632 712 inunum
656 671 777 734 quaeque
806 673 914 734 corpus

233 749 465 816 congregantur3
491 733 530 791 ita
555 729 691 814 cujusque
718 734 787 794 clari
814 737 914 815 operis

231 817 348 896 capacia
366 815 480 896 ingenia
498 815 528 872 in
549 813 765 875 similitudinem
786 815 818 875 δι
840 832 915 874 tem·

231 915 338 976 porum
355 893 593 976 &profectuum
617 893 767 977 semetipsa
790 895 825 955 ab
850 895 914 955 aliis

231 974 457 1058 separaverunt?
473 976 559 1050 Una,
577 987 672 1059 neque
690 977 847 1036 multorum
863 997 915 1036 an-

230 1077 336 1118 norum
361 1055 453 1138 spatio
480 1057 595 1131 divisa,
624 1073 715 1132 aetas,
740 1077 794 1139 per
819 1057 914 1120 divini

230 1138 248 1199 s
263 1138 344 1199 iritds
363 1140 469 1213 viros,
492 1136 684 1220 AEschylum,
706 1135 910 1218 Sophoclem,

230 1161 429 1301 duripidem,
461 1212 611 1281 illustravit
641 1235 684 1280 tra
704 1219 795 1280 oedias
820 1239 829 1280 a
855 1241 914 1280 una

230 1297 351 1381 priscam
372 1299 503 1361 illam&
526 1317 658 1361 veterem
684 1239 740 1360 sub·
758 1297 911 1372 Cratino,

229 1378 424 1462 Aristophane
459 1381 492 1441 δι
525 1379 668 1462 Eupolide
700 1382 912 1457 comoediam;

227 1483 263 1521 ac
283 1481 391 1524 novam
406 1463 548 1522 comicum
561 1461 758 1535 Menandros,
776 1463 914 1544 aequales·

229 1563 288 1624 que
305 1540 366 1623 ejus
385 1543 474 1602 aetatis
490 1545 580 1625 magis
605 1542 691 1624 quim
707 1545 824 1624 operis,
846 1542 913 1603 Phi·

229 1624 330 1684 lemon
355 1643 388 1684 ac
414 1621 579 1704 Diphilus,
610 1625 807 1686 &invenere
836 1626 912 1688 intra

229 1706 417 1786 paucissimos
435 1725 547 1778 annos,
569 1723 665 1786 neque
684 1705 822 1766 imitanda
841 1707 911 1774 reli-

250 1803 328 1846 uere.
358 1781 599 1868 Philosophorum
623 1807 741 1870 quoque
766 1789 911 1868 ingenia,

229 1806 377 1928 sperono
395 1887 446 1928 ore
466 1866 642 1942 defluentia,
664 1869 816 1942 omnium,
834 1889 911 1954 quos

267 1949 317 2008 ull>
339 1949 405 2008 ante
434 1951 684 2022 enumeravimus,
707 1965 816 2030 quanto
843 1947 911 2032 post

228 1970 355 2090 ffatonis
384 2027 550 2088 Aristotelis
586 2048 601 2088 e
631 2042 757 2090 mortem
782 2029 910 2090 floruere

165 2102 167 2106 ’
227 2108 343 2192 spatio?
363 2107 447 2187 Quid
466 2126 532 2170 ante
566 2108 729 2184 socratem,
754 2109 824 2192 quid
842 2109 910 2193 post

227 2189 291 2270 ejus
314 2190 461 2252 auditores
486 2209 645 2272 eorumque
669 2189 823 2274 discipulos
850 2191 910 2252 cla·

229 2291 293 2331 rum
312 2273 342 2332 in
361 2271 523 2332 oratoribus
539 2271 616 2332 suit?
636 2273 710 2333 adeo
728 2272 847 2356 quidem
867 2295 911 2334 ar·

226 2351 332 2413 {latum
346 2351 477 2433 angustiis
494 2369 680 2434 temporum,
698 2371 730 2413 ut
744 2373 832 2414 nemo
848 2372 911 2414 me·

228 2433 450 2528 moridtdignus
470 2433 541 2494 alter
564 2435 600 2494 ab
623 2436 714 2499 altero
736 2435 831 2497 videri
854 2441 910 2496 nes?

228 2529 382 2596 quiverant,
549 2527 564 2543 '¹
825 2523 827 2528 ’
847 2511 882 2539 ”··“

267 2591 380 2655 XVll.
407 2587 512 2677 Neque
532 2596 589 2657 hoc
610 2597 640 2656 in
662 2595 794 2666 Graecis,
818 2595 909 2677 q'hdm

227 2673 258 2732 iri
276 2671 436 2750 Romanis,
451 2680 549 2740 evenit
562 2680 661 2760 magis.
678 2677 775 2749 Nam,
790 2677 847 2736 nisi
861 2699 909 2737 as·

227 2773 297 2835 pera
311 2775 343 2837 ac
358 2757 441 2818 rudia
455 2774 591 2840 repetas,
612 2761 645 2820 δι
662 2759 772 2818 inventi
780 2752 908 2818 'laudan-

228 2836 266 2896 da
284 2833 425 2914 nomine,
445 2840 474 2903 in
493 2838 590 2903 Accio
606 2842 738 2922 circaque
754 2851 824 2905 'euna
843 2837 908 2902 Ro·
