2014 3620
218 279 358 348 Hrsr.
384 279 537 346 man
562 278 615 346 ΙΙ.
696 282 752 372 '27

71 399 130 461 hus
140 443 149 471 ‚
159 395 263 458 abhinc
277 415 367 456 annos
377 412 493 457 centum
508 394 652 478 sexaginta·
660 394 757 472 duos,

76 479 198 542 descivit
215 477 327 537 abonis
344 497 354 550 ;
371 474 571 558 pollicitusque
592 478 646 536 toti
665 475 755 538 Italiae

77 556 334 632 civitatem,simul
344 559 429 638 etiam
440 556 628 639 promulgatis
637 560 754 640 agrariis

78 639 206 720 legibus,
217 638 350 698 omnibus
360 637 461 698 statum
473 636 758 718 concupiscentibus,
803 677 807 684 ·

53 731 57 764 :
77 718 186 781 summa
193 721 254 780 imis
263 716 373 781 miscuit
379 719 467 794 ;&in
477 725 653 800 praeruptum
664 737 754 802 atque

76 820 181 885 anceps
200 799 361 881 periculum
379 799 496 860 adduxit
517 799 727 881 rempublicam
739 843 755 876 ,

11 951 13 957 A
76 879 261 962 Ollavioque
291 879 410 962 collegae
439 900 494 961 pro
520 879 601 940 hono
630 880 752 960 publico

75 959 160 1022 stanti
188 961 341 1042 imperium
373 960 525 1040 abrogavit
554 983 561 1022 :
585 961 753 1023 triumviros

75 1043 149 1124 agris
177 1041 342 1102 dividendis
370 1037 548 1122 coloniisque
575 1039 753 1102 deducendis

75 1123 184 1185 creavit
199 1119 250 1196 se,
269 1119 457 1202 socerumque
475 1119 556 1182 suum
574 1118 758 1201 consularem

74 1201 232 1284 Appium,
251 1202 285 1264 ὃ(
304 1199 470 1262 Gracchum
491 1199 633 1276 fratrem,
651 1201 755 1264 admo-

75 1284 147 1342 dum
165 1280 313 1342 'uvenem
498 1294 500 1299 ’

117 1361 153 1424 ΙΙ
172 1407 181 1423 .
203 1360 282 1424 Tum
299 1361 330 1424 P.
348 1358 445 1444 Scipio
461 1361 585 1438 Nasica,
602 1359 686 1444 ejus,
703 1363 755 1448 qui

76 1443 204 1524 optimus
222 1445 269 1505 vir
287 1463 304 1504 a
319 1441 417 1505 senatu
432 1441 573 1524 judicatus
595 1461 677 1520 erat,
698 1451 754 1506 ne·'

76 1545 131 1606 pos
144 1546 155 1600 3
168 1521 248 1604 ejus,
263 1525 311 1607 qui
329 1523 429 1586 censor
440 1525 566 1606 porticus
584 1526 614 1586 in
632 1517 756 1608 Capito-s

74 1605 116 1666 lio
137 1604 265 1679 fecerat,
286 1603 387 1680 filius,
406 1627 552 1688 pronepos
575 1622 673 1668 autem
696 1603 757 1672 cnr
804 1643 808 1650 ·

74 1685 221 1767 Scipionis
247 1685 427 1748 celeberrimi
452 1689 539 1759 viri,
565 1685 598 1748 P.
622 1683 755 1755 Africani

74 1769 188 1848 patrui,
203 1765 387 1902 priuatusque
406 1767 438 1828 δι
453 1783 587 1848 togatus,
602 1787 693 1849 quum
709 1787 756 1829 es-

75 1845 118 1906 set
145 1865 203 1904 con
216 1847 333 1905 obrinus
357 1843 427 1908 Tib.
453 1836 607 1917 Gracchi,
634 1847 756 1927 patriam

76 1926 243 2007 cognationi
271 1922 451 2005 praeferens,
473 1925 506 1987 &
532 1925 673 2008 quidquid
698 1946 756 2008 pu.

75 2005 154 2068 blice
173 2003 292 2065 salutare
307 2025 367 2067 non
379 2003 461 2075 esser,
478 2007 615 2088 privatim
625 2007 755 2071 alienum

77 2085 239 2148 existimans
260 2083 330 2168 (ob
352 2106 400 2148 eas
416 2087 536 2150 vinules
556 2089 666 2170 primus
686 2089 755 2155 om·

74 2170 156 2243 nium
173 2165 273 2226 absens
290 2165 421 2248 pontifex
433 2169 575 2231 maximus
586 2168 674 2233 sallus
689 2167 754 2254 est)

74 2245 252 2312 circumdati
266 2246 342 2310 laevo
356 2247 472 2308 brachio
485 2266 517 2311 to
539 2271 562 2308 ae
578 2248 754 2324 lacinid,ex
807 2311 809 2313 ,
865 2307 868 2316 .

74 2329 223 2410 superiore
240 2344 320 2410 parte
338 2325 501 2410 Capitolii,
519 2269 635 2391 summis
673 2330 753 2391 radi·

74 2411 129 2471 bus
151 2405 307 2480 insistens„
334 2406 469 2470 hortatus¹
484 2406 551 2483 est,
574 2409 623 2490 qui
656 2410 754 2476 arvam

74 2489 188 2552 vellent
203 2487 411 2572 rempublicam
424 2487 453 2550 se
469 2487 662 2572 sequerentur.
672 2489 753 2556 Tum

75 2573 254 2650 optimates,
273 2567 411 2642 senatus,
431 2587 517 2652 atque
540 2569 678 2654 equestris
701 2594 754 2634 or·
839 2607 848 2624 ·

76 2649 151 2710 dinis
178 2671 244 2730 pars
271 2650 430 2724 melior&
451 2649 566 2733 major,
589 2653 622 2714 δι
649 2652 753 2734 intacta

75 2729 247 2818 perniciosis
280 2732 411 2824 consiliis
437 2731 551 2814 plebs,
582 2731 691 2796 irruere
722 2735 755 2798 in

581 2811 650 2894 Brj
