2020 3618
221 319 316 419 {62
372 340 408 414 C.
435 341 563 412 Vm.
588 325 787 414 Pareae.

243 465 339 528 'mimas
364 461 403 524 ad
426 461 601 542 multiplices
628 459 790 524 consulatue
818 459 927 526 triumi

245 541 373 628 'hofque
400 545 433 606 δι
458 541 606 622 complura
632 543 808 603 eniterentur
831 542 925 606 sacer·

242 567 332 688 lotia.
350 620 466 685 Etenim
485 635 589 706 magna
604 625 720 706 negotia
738 625 853 708 magnis
872 627 925 686 ad·

241 703 385 790 jutorilaus
401 719 488 787 egent
502 719 621 788 :neque
637 707 666 763 in
704 724 776 767 arvo
792 709 925 788 paucitas

242 782 397 848 ministeria
425 782 523 845 deficit
546 804 556 857 ;
584 725 757 866 interelque
782 787 926 868 reipubli-

243 887 311 939 τε,
333 865 414 948 quod
432 865 483 925 usu
506 862 713 939 necell'arium,
731 865 935 949 &dignitate

243 949 402 1024 ¹eminere,
425 947 635 1026 utilitatemque
661 945 828 1007 autloritate
858 969 924 1008 mu·

242 1027 306 1091 iniri.
324 1025 444 1088 Subltis
460 1027 600 1108 exemplis
613 1023 748 1087 Tiberius
764 1023 861 1088 Caesar
871 1026 925 1090 Se·

241 1105 341 1192 janum
357 1105 487 1182 AElium,
506 1109 636 1190 principe
655 1105 793 1188 equestris
810 1109 923 1171 ordinis

243 1195 325 1274 patre
346 1205 463 1260 natum,
483 1205 615 1248 materno
637 1189 711 1248 verb
733 1207 842 1270 genere
862 1190 924 1250 cla-

242 1270 369 1332 tissimus
384 1267 554 1352 veteresque
572 1270 744 1351 &insignes
762 1269 924 1334 honoribus

243 1368 310 1412 tom
334 1352 431 1410 lexuru
450 1349 595 1422 familias,
612 1349 769 1410 habentem
789 1350 925 1412 consula·

241 1435 289 1492 'res
313 1447 422 1504 ratres,
441 1429 647 1502 consobrinos,
666 1430 842 1492 avunculum
854 1477 863 1506 ,
875 1431 923 1515 ip‘·

241 1509 306 1572 lum
323 1511 396 1572 verb
413 1511 518 1572 laboris
537 1531 569 1571 ac
592 1509 661 1572 fidei
681 1513 923 1592 capacissimum,

241 1585 400 1653 sufficiente
425 1594 512 1651 etiam
539 1594 634 1673 vigori
664 1595 752 1652 animi
779 1613 923 1678 compage

242 1667 392 1756 ¹torporis,
407 1671 577 1756 singularem
590 1673 788 1754 principalium
798 1693 923 1736 onerum

240 1750 405 1833 adjutorem
420 1755 449 1812 in
467 1755 563 1812 omnia
576 1752 693 1828 habuit,
710 1772 797 1837 arque
813 1754 922 1819 habet:

238 1830 339 1898 ¹virum
366 1833 524 1894 severitatis
552 1834 704 1894 laetissimae
728 1879 739 1907 ,
773 1833 923 1912 hilaritatis

239 1915 367 2002 priscae,
397 1911 457 1974 aliu
484 1916 585 1976 otiosis
614 1914 819 1991 simillimum,
850 1917 923 1980 nihil

240 1995 297 2058 sibi
314 1993 529 2070 vindicantem,
543 1993 639 2078 eoque
650 1994 704 2057 alle
726 2007 842 2058 nentem
855 2019 923 2060 om·

237 2080 307 2146 nia,
323 2073 436 2160 semper
452 2075 525 2136 infra
540 2075 660 2138 aliorum
676 2017 879 2140 allinariones
892 2078 922 2142 se

238 2159 439 2230 metientem,
461 2156 543 2217 vultu
564 2156 684 2243 virique
708 2159 923 2243 tranquillum,

241 2239 339 2300 animo
359 2235 533 2306 exsomnem.

169 2317 175 2324 '
237 2339 241 2344 ·
282 2312 484 2382 CXXVIII.
512 2317 547 2380 ln
572 2317 656 2397 hujus
680 2321 822 2394 virtutum
847 2319 924 2382 asti-

235 2403 369 2462 'matione
388 2398 561 2480 jampridem
580 2398 686 2478 judicia
707 2405 830 2462 civitatis
852 2421 923 2464 cum

236 2477 352 2620 ''pudiciis
374 2477 514 2562 Principis
540 2498 678 2558 certant,
700 2503 798 2564 neque
822 2503 923 2544 novus

262 2564 287 2622 ic
309 2583 374 2658 mqs
394 2559 505 2623 senatis
528 2561 685 2658 populique
707 2563 835 2624 Romani
855 2562 923 2660 eil,

240 2643 377 2724 putanda,
394 2642 474 2724 quod
491 2659 634 2724 optimum
652 2659 706 2717 stt,
722 2642 779 2704 else
797 2643 924 2706 nolulrs·

240 2723 353 2784 simum.
372 2720 448 2782 Nam
463 2723 495 2784 &
508 2723 550 2784 illi
566 2727 691 2806 antiqui,
710 2741 776 2784 ante
791 2727 922 2805 primum

238 2800 349 2866 bellurn
363 2800 502 2866 Punicum
514 2846 524 2879 ,
534 2803 637 2868 abhinc
648 2825 741 2870 annos
753 2822 922 2882 trecentos,
