2020 3618
212 291 282 387 136
334 292 384 361 0.·
402 294 532 360 Vrrr.
558 291 763 361 PArrnc.

207 415 314 492 menia,
326 433 373 500 ego
388 413 419 471 in
431 411 540 469 Rhatia
550 407 622 488 fui:
639 429 684 490 ego
697 409 716 468 d
731 427 755 468 te
773 409 804 468 in
822 407 894 472 Vin·

210 573 329 634 donatus
358 593 412 630 um.

252 650 323 712 CV.
371 670 444 790 eqfiue
457 651 553 711 verbis
572 651 711 733 exprim-i,
726 651 759 712 δι
772 648 896 711 sortasse

208 735 259 792 vix
276 733 380 792 mereti
420 731 487 790 dem
503 731 598 812 potest
613 777 622 806 ‚
636 733 737 790 intrata
756 734 895 812 protinus

210 811 388 886 Germania,
407 809 509 872 subant
526 810 729 882 Cauinesates,
744 813 896 887 Attuarii,

209 891 357 966 Brusleri,
377 896 487 974 recepti
514 890 676 966 Cherusci,
698 893 730 952 &
753 890 894 972 (utinam

210 975 307 1034 minlrs
328 994 398 1035 mox
417 972 513 1035 nostri
533 972 615 1032 clade
634 969 762 1052 nobilia)
788 976 896 1032 transi·

212 1071 258 1115 tus
276 1053 405 1138 Visurgis
424 1077 433 1128 ;
456 1069 601 1134 penetrata
618 1055 754 1112 ulteriora
774 1075 781 1112 :
802 1073 897 1133 quum

125 1131 128 1134 Δ
213 1151 462 1216 omnem‘partem
477 1132 621 1215 asperrimi
638 1135 670 1195 ὃ(
682 1131 896 1214 periculosissi-

213 1219 254 1276 mi
276 1216 345 1276 belli
368 1213 464 1276 Caesar
487 1215 672 1286 vindicaret,
693 1216 721 1272 in
745 1215 808 1287 iis,
830 1234 898 1294 quae

212 1298 332 1373 minoris
350 1313 429 1356 erant
447 1293 635 1366 discriminis,
648 1291 900 1357 SentiumSatur-

212 1378 330 1448 ninum,
343 1379 392 1456 qui
406 1394 469 1436 rum
481 1375 590 1458 legatus
622 1377 686 1433 atris
700 1371 762 1454 ejus
775 1375 807 1433 in
821 1372 901 1435 Ger·-

213 1457 308 1516 mania
327 1455 444 1530 suerat,
464 1397 657 1538 praesecislbt,
674 1458 769 1514 virum
793 1455 901 1516 multi-

214 1537 321 1618 plicem
337 1537 509 1609 virtutibus,
527 1557 656 1606 navum,
674 1535 806 1616 agilem,
823 1557 902 1617 pro-

214 1617 334 1687 vidum,
353 1618 574 1698 militariumque
594 1613 758 1676 officiorum
779 1619 903 1696 patien-

214 1714 275 1758 tem
300 1719 332 1760 ac
361 1700 485 1780 peritum
506 1699 612 1780 pariter
630 1739 641 1768 ‚
660 1696 709 1756 sed
733 1695 902 1770 eumdem,

214 1780 265 1858 ubi
282 1783 396 1862 negotia
415 1777 545 1840 fecissent
565 1778 661 1838 locum
683 1779 772 1849 otio,
791 1775 902 1854 libera·

215 1862 281 1921 liter
299 1859 432 1941 lauteque
451 1880 488 1920 eo
507 1857 674 1919 abutentem
692 1879 702 1932 3
718 1859 756 1916 ita
776 1873 904 1932 tamen,

215 1957 247 2000 ut
271 1961 338 2000 eum
360 1940 543 2028 splendidum
570 1959 602 1999 ac
625 1937 748 1998 hilarem
773 1939 904 2017 potius,

215 2019 302 2102 quim
325 2020 500 2082 luxuriosum
525 2037 572 2081 aut
598 2019 729 2079 decident
756 2017 904 2079 diceres:

213 2103 253 2176 tle
274 2098 355 2178 cujus
377 2103 433 2159 viri
455 2101 532 2159 claro
560 2099 728 2180 celebrique·
748 2097 905 2160 consuiant

215 2181 413 2263 praediximus.
432 2178 511 2240 Anni
532 2177 601 2259 ejus,
614 2178 733 2253 aestiva,
755 2177 849 2265 iisque
872 2183 906 2241 iu

215 2261 344 2324 mensem
362 2259 559 2323 Decembrem
579 2259 744 2345 modicia,
762 2261 906 2321 immanis

217 2343 445 2404 emolumentum
467 2341 562 2405 fecere
581 2340 722 2400 vicioriae..
736 2339 833 2400 Pietas
854 2340 908 2402 sua

217 2422 358 2485 Caesarem
367 2443 463 2506 ,pene
476 2421 626 2482 obstructis*
635 2421 747 2500 hyeme
756 2419 907 2500 Alpibus,

198 2507 245 2563 'in
267 2503 380 2564 Urbem
400 2503 483 2564 traxit
501 2523 511 2576 3
535 2521 562 2562 at
586 2501 673 2561 tutela
693 2503 809 2582 imperii
832 2522 908 2562 eum

217 2587 294 2644 veris
319 2587 401 2645 initio
427 2584 541 2644 reduxit
564 2585 595 2641 in
620 2580 812 2643 Germaniam
837 2627 847 2656 ,
874 2585 908 2642 in

219 2661 299 2741 cuius
312 2666 414 2724 mediis
434 2663 554 2734 finibus,
574 2662 610 2721 ad
624 2677 709 2742 caput
726 2660 829 2742 Lupiae
849 2662 909 2722 flu·-

217 2741 322 2818 urinis,
335 2744 466 2826 hyberna
484 2743 647 2826 digrediens
664 2744 807 2822 princeps?
818 2743 913 2806 ,loca-

210 493 326 562 delicis,
340 513 388 710 Ze
404 493 434 551 r'n
445 492 614 564 Pannonia,
627 511 674 572 ego
690 493 720 549 in
737 490 895 552 Gemanica

119 2863 125 2872 ·
219 2842 315 2898 verat,
