2020 3618
213 287 258 370 86
336 287 372 358 C.
401 272 534 356 Vera.
560 236 758 356 Pirene.

212 406 371 475 auderent,
388 405 501 486 utrique
523 399 636 466 summo
658 403 868 482 imperatorum
881 417 912 477 ‚⁸-

212 489 297 550 alteri
314 486 343 546 su
366 483 452 546 erstiti
471 485 586 547 meritas
608 503 710 563 poenas
727 481 805 546 luite
824 481 897 566 sup·

212 569 314 652 pliciis.
331 507 481 646 tlusquam,
497 581 561 624 erat.
572 563 727 658 Ponupeius
744 583 895 643 corpore,

213 649 306 709 adhuc
318 647 424 728 ubique
436 646 574 708 nomine:
593 664 700 726 qurppe
715 645 815 726 ingens
848 665 896 705 ar·

213 731 286 790 tium
304 725 366 808 ejus
380 723 471 788 *favor
489 725 599 789 bellum
620 726 794 787 excitaverat
842 723 894 786 fri·

214 828 307 872 curn:
330 805 413 949 puod
433 805 527 868 ciebat
548 825 600 868 rex
621 802 695 867 Juba
717 805 750 867 &
769 801 893 886 Scipio,

215 889 260 952 vir
281 909 338 950 con
351 889 457 963 ularis,
475 903 541 946 ante
562 885 711 948 biennium
730 884 818 966 quim
841 907 896 946 ex·

213 967 405 1052 stingueretur
413 967 586 1049 Pompeius,
597 965 685 1028 lectus
696 966 732 1028 ab
743 986 780 1026 eo
790 964 897 1043 ¹socer;

214 1071 316 1114 eorum
340 1071 375 1110 ue
385 1052 484 1130 copias
493 1065 607 1110 auxerat
619 1046 662 1107 M.
674 1045 750 1108 Cato
761 1089 770 1117 ,
781 1049 901 1128 ingenti

214 1154 282 1194 cum
295 1071 462 1192 dibicultate
477 1131 611 1192 itinerum
623 1127 813 1208 locorumque
829 1130 898 1189 ino·

215 1215 286 1295 pia,
302 1210 445 1295 perduliis
457 1209 494 1270 ad
512 1231 564 1271 eos
577 1208 736 1290 legionibus
749 1230 757 1268 r
768 1209 817 1348 pul
831 1210 895 1281 vir,

216 1315 306 1374 quum
328 1291 469 1352 summum
492 1292 519 1350 ei
538 1311 553 1348 a
575 1288 710 1350 militibus
732 1287 768 1350 de
783 1307 896 1350 erretur

215 1374 257 1434 im
279 1371 389 1440 arium,
404 1371 580 1430 honoratiori
598 1389 697 1449 parere
717 1369 827 1430 maluit.
897 1419 900 1428 .

256 1395 327 1514 lv.
349 1451 502 1512 Admonet
524 1447 666 1531 promillae
687 1449 839 1512 brevitatis
860 1449 897 1512 ii·

216 1533 286 1603 des,
297 1551 404 1616 quanto
418 1532 515 1593 emnia
525 1528 680 1593 transcursu
693 1529 815 1594 dicenda
827 1533 894 1592 sint.

215 1611 345 1695 Sequens
360 1613 505 1674 fortunam
521 1611 598 1672 suam
613 1608 726 1684 Caesar,
741 1610 897 1692 pervelius

217 1693 411 1767 inilicitum,
425 1712 534 1774 quam,
551 1689 646 1754 occilo
661 1689 791 1754 Curione
802 1693 899 1754 Julia-

217 1796 321 1836 narum
341 1775 414 1836 duce
433 1775 575 1856 partium,
593 1772 761 1854 Pompeiani
782 1773 900 1834 obtined

218 1858 287 1917 bant
310 1857 471 1928 exercitus,
489 1855 528 1914 ibi
547 1855 642 1934 primb
660 1855 740 1914 varii
757 1853 875 1914 fortunii
888 1900 903 1928 ,,

219 1958 290 1998 mort
310 1959 355 2018 pu⁸
370 1937 448 1997 navit
466 1933 531 2004 sui,
552 1935 752 2016 inclinataeque
771 1933 899 1996 hostiurn
1005 1981 1006 2010 ÷

219 2020 322 2116 copiae.
366 2037 399 2076 ec
417 2016 561 2076 dissimilis
578 2015 618 2076 ibi
631 2015 769 2078 adversus
785 2015 903 2088 viiios,
1005 2017 1006 2086 f

220 2118 306 2176 quam
324 2099 353 2154 in
372 2096 501 2176 priores,
521 2095 675 2156 clementia
694 2093 813 2158 Caesaris
832 2094 902 2158 fuit.
1005 2103 1006 2112 ³

218 2174 368 2236 Viilorenr
386 2173 514 2236 Africeni
530 2175 600 2236 belli
620 2174 656 2238 C.
674 2174 816 2236 Caesarem
837 2197 903 2259 gra·
1005 2241 1006 2246 χ

218 2257 283 2320 vius
303 2258 424 2338 excepit¹
436 2253 621 2336 Hispaniense
641 2255 730 2338 [narn
747 2255 840 2318 viilus
861 2259 900 2318 ab

221 2357 258 2400 eo
280 2337 436 2398 Pharnaces
455 2339 505 2397 vix
529 2337 685 2418 quidquam
709 2337 809 2419 gloriae
834 2337 904 2417 ejus

220 2417 383 2556 adstruxir1]
402 2418 481 2500 quod
498 2415 554 2478 Cn.
573 2417 727 2500 Pompeius
747 2417 847 2498 Magni
866 2417 902 2478 fi-

220 2497 274 2562 lius
285 2543 294 2572 ,
306 2499 362 2560 ado
374 2497 471 2558 escens
485 2499 609 2580 impertis
622 2501 658 2560 ad
673 2499 750 2560 bella
760 2501 904 2574 maximi,

218 2579 250 2638 in
271 2599 321 2638 ens
339 2599 371 2640 ac
394 2579 520 2642 terribile
544 2580 743 2653 conflaverat,
766 2580 901 2662 undique

221 2678 238 2718 a
270 2679 337 2718 eum
353 2659 445 2720 adhuc
462 2656 572 2741 paterni
589 2663 713 2722 nominis
724 2662 903 2742 magiritudi·

221 2758 290 2803 aem
312 2737 491 2821 sequentium
511 2760 548 2804 eu
571 2757 637 2806 toto
661 2740 732 2813 orbe
756 2755 903 2806 tertarum
