2014 3620
246 271 294 362 46
370 269 404 350 C.
435 273 568 339 Vara.
593 269 798 338 Parare.

244 410 265 453 o
280 408 406 450 carcere.
421 386 501 464 Turn
516 387 616 460 cives,
628 385 665 446 ab
680 384 761 447 hoste
772 430 783 460 ,
793 385 933 450 misereri

235 471 334 552 paulo
359 468 424 528 ante
449 469 584 549 principis
603 469 659 527 viri
681 466 778 540 doffi,
801 467 933 530 instruc-¹

245 568 310 615 turn
328 571 395 610 eum
410 551 516 608 viatico
534 547 698 628 collataque
713 547 816 624 veste,
831 551 863 609 in
878 572 929 610 na·

246 651 317 693 vem
334 627 540 711 imposuerunt.
552 627 594 691 At
606 629 674 702 ille,
693 627 830 690 allecutus
850 631 929 690 circa

246 711 392 774 AEnariam
408 707 516 786 filium,
529 707 641 770 cursum
656 711 685 768 in
699 708 830 771 Africam
847 708 928 772 dire·

247 793 289 850 xit
307 812 317 866 ;
335 791 510 872 inopemque
532 791 622 850 vitam
640 791 670 849 in
692 793 807 873 tugurio
828 793 927 852 ruina·

247 892 312 931 rum
333 869 610 954 Carthaginiensium
637 870 773 932 toleravit
798 893 805 931 ε
834 893 928 954 quum

246 949 357 1014 Marius
366 950 503 1034 aspiciens
514 949 737 1033 Carthaginem,
751 951 798 1011 illa
808 953 926 1014 intuens

197 1082 201 1088 .
247 1031 399 1106 Marium,
417 1032 487 1093 alter
508 1033 590 1092 alteri
606 1031 718 1114 pollent
736 1030 792 1092 effe
810 1030 925 1095 solatio.

288 1113 362 1175 XX.
383 1114 450 1174 Hoc
461 1115 586 1196 prirnlam
597 1135 692 1188 anuo,
708 1111 843 1196 sanguine
856 1135 926 1174 con·

246 1193 313 1256 sulis
327 1195 453 1256 Rotnani
472 1195 568 1254 militis
589 1191 706 1254 imbutae
725 1215 826 1254 marrus
843 1193 923 1255 sunt:

247 1279 355 1356 quippe
373 1275 529 1356 Pompeius
544 1275 657 1355 collega
671 1271 775 1347 Sullae,
793 1275 830 1338 ab
845 1296 924 1334 exer·

246 1357 305 1414 citu
324 1353 381 1414 Cn.
400 1355 529 1436 Pompeii
545 1351 741 1436 proconsulis,
762 1353 924 1429 seditione,

246 1433 297 1497 sed
317 1456 403 1516 quant
422 1436 480 1494 dux
503 1451 671 1508 creaverat,
689 1433 854 1496 interfectus
873 1433 923 1496 est.

247 1513 318 1576 Non
338 1522 400 1576 era't
418 1515 514 1576 Mario
535 1513 717 1598 Sulpicioque
734 1511 832 1576 Cinna
852 1533 925 1577 tem·

245 1599 372 1677 peratior
394 1620 401 1658 :
423 1599 518 1678 itaque
560 1617 630 1657 uum
647 1599 687 1670 ita
711 1598 812 1656 civitas
834 1595 923 1658 Italiae

248 1677 314 1742 data
328 1675 416 1748 effer,
427 1695 458 1738 ut
474 1681 504 1737 in
520 1619 586 1738 ogo
603 1677 692 1738 tribus
708 1678 924 1739 contribueren·

247 1773 293 1818 tur
308 1761 380 1820 novi
389 1760 469 1818 cives
479 1803 490 1831 ‚
502 1778 538 1818 ne
550 1760 680 1840 potentia
694 1778 796 1818 eorum
808 1761 842 1820 &
851 1758 924 1819 mul·
983 1807 984 1834 2

245 1837 341 1902 titudo
359 1856 492 1900 veterum
508 1840 618 1901 civium
633 1839 800 1921 dignitatem
813 1837 923 1922 frange·
983 1865 984 1868 ¹

247 1936 310 1992 ret,
328 1918 394 2000 plus
410 1940 445 1980 ue
457 1917 568 2000 pollent
577 1922 721 2000 receptiin
730 1919 923 1994 beneficium,
983 1927 984 1948 l

245 1999 334 2081 quam
356 1942 485 2062 aullores
504 1999 636 2060 beneficii
650 2023 659 2074 3
674 1997 768 2062 Cinna
785 2003 816 2060 in
831 2003 924 2061 omni-

245 2079 300 2141 bus
318 2079 449 2152 tribubus.
464 2101 516 2140 eos
532 2077 561 2140 se
579 2077 792 2142 distributurum
809 2083 924 2163 pollici·

246 2177 294 2220 rus
309 2157 361 2235 est.
377 2158 452 2238 Quo
466 2162 584 2234 nomine
600 2164 747 2243 ingentem
757 2163 847 2224 totius
867 2161 924 2222 lta·

248 2239 293 2300 liae
302 2239 494 2324 frequentiam
507 2243 537 2304 in
546 2241 658 2306 Urbem
672 2245 829 2305 acciverat:
840 2263 856 2303 e
869 2263 926 2326 qna

248 2319 344 2402 pulsus
371 2321 489 2406 collegas
519 2325 756 2405 optimatiumque
780 2323 892 2384 viribus
913 2367 925 2398 ,

183 2459 187 2464 .
210 2477 216 2484 ἱ
248 2423 339 2484 quum
355 2405 385 2462 in
401 2401 590 2485 Campaniam
606 2403 758 2479 tenderet,
776 2424 814 2464 ex
831 2403 925 2464 auclo-

247 2483 331 2542 ritate
348 2481 457 2556 [matris
473 2483 633 2544 consulatus
647 2487 674 2546 ei
690 2485 844 2566 abrogatus
862 2483 903 2544 est
912 2530 923 2558 ‚

247 2560 382 2624 suffetius
399 2585 434 2624 ue
458 2565 488 2623 in
510 2563 571 2644 ejus
593 2565 691 2625 locum
715 2565 748 2626 L.
768 2561 924 2626 Cornelius

250 2639 365 2704 Merula
378 2584 487 2706 llamen
505 2643 608 2706 Dialis.
625 2645 697 2704 Haec
715 2643 816 2725 injuria
832 2645 926 2706 homi·

248 2742 286 2783 ne
309 2767 319 2798 ,
343 2723 428 2807 qulam
453 2727 589 2808 exemplo
620 2725 733 2810 dignior
756 2725 821 2788 fuit.
844 2725 925 2788 Tum
