2014 3620
1 1197 9 1262 s
82 1205 220 1264 'alterum'
238 1201 267 1263 se

235 281 377 350 Hm.
404 281 558 348 Linea
585 282 638 350 II.
716 298 766 376 73v

86 401 121 464 iis
146 397 205 459 asia
224 396 332 459 fecerat
352 399 451 471 irrita,
468 397 601 459 amisisset
623 398 653 458 id
674 398 767 460 sacer·
815 425 817 430 ’

87 479 223 561 dotium]
241 477 375 540 festinans
396 481 425 539 in
446 478 579 552 Italiam,
600 500 637 540 ne
654 481 767 560 conspi-

89 578 202 621 ceretur
221 581 237 619 a
255 559 462 640 praedonibus,
482 563 581 620 omnia
602 577 670 621 runc
691 561 768 621 obti-

89 642 224 701 nentibus
251 643 369 710 maria,
393 643 426 702 δι
448 642 554 700 merito
577 638 637 720 jam
659 640 769 720 infestis

90 724 163 792 sibi,
182 737 303 802 quatuor
318 720 490 781 scalmorum
506 741 617 797 navem·
628 721 685 782 una
701 742 769 782 cum

89 802 203 864 duobus
221 804 318 862 amicis
332 802 492 882 decemque
506 800 594 860 servis
611 801 747 884 ingressus
756 847 768 874 ,

88 881 290 944 effusissimum
299 881 437 940 Adriatici
448 884 532 941 maris
543 879 653 942 tra'ecit
662 885 769 944 sinum.

88 963 164 1042 Quo
183 963 302 1045 quidem
319 964 348 1020 in
367 961 448 1022 cursu
467 904 644 1044 compedis,
663 980 696 1022 ut
715 983 770 1042 pu·
845 1033 846 1036 Ἴ

89 1043 191 1118 tabat,
208 1045 362 1125 piratarum
379 1042 522 1116 navibus,
543 1063 632 1123 quum
652 1041 770 1105 exuisset

88 1121 203 1184 vestem
214 1169 222 1193 ,
233 1121 428 1261 alliffassetque
441 1124 599 1206 pugionem
609 1123 646 1182 ad
655 1121 769 1198 femur,

299 1219 408 1264 ortunae
426 1224 548 1284 parans,
568 1224 638 1264 mox
655 1203 771 1264 intelie-

90 1287 135 1345 xit
150 1281 312 1344 frustratum
330 1281 384 1344 esse
400 1283 605 1359 visumsuum,
619 1283 770 1345 arborum·

71 1385 148 1447 ‚que
173 1385 209 1424 ex
231 1364 390 1446 longinquo
406 1365 544 1426 ordinem
567 1382 770 1428 antemnarum

113 1442 424 1526 raebuiffeimaginem.
441 1445 507 1506 Reli
529 1466 565 1505 ua
581 1445 643 1524 ejus
661 1445 721 1507 acia
738 1446 770 1508 in

89 1467 195 1598 iube,
213 1524 447 1606 nobilissimaque
467 1467 634 1590 Dciiabellae
654 1527 771 1588 accusa-

89 1608 154 1678 tio,
173 1608 205 1667 δι
224 1603 322 1684 major
341 1608 463 1666 civitatis
480 1609 509 1666 in
529 1628 563 1668 ea
580 1607 664 1677 favor
682 1607 770 1691 quim

89 1689 146 1746 reis
164 1685 289 1768 praestari
306 1685 380 1747 solet
398 1709 407 1759 3
424 1687 678 1770 contentionesque
694 1689 771 1748 civi·

90 1768 134 1842 les¹
152 1788 219 1825 cum
239 1765 283 1843 Q.
301 1764 432 1834 Catulo,
451 1784 538 1846 arque
557 1768 617 1828 aliis
636 1771 771 1828 eminen-

11 1888 16 1896 ,
88 1847 210 1908 tissimis
226 1847 316 1918 viris,
336 1845 529 1906 celeberrimae
543 1867 553 1920 ;
569 1848 601 1908 δι
615 1863 680 1906 ante
695 1861 773 1943 praed

89 1945 185 1988 turarn
198 1925 288 1985 vitius
307 1927 423 1985 maximi
434 1925 614 2008 pontificatus
629 1926 771 2010 petinoue

90 2007 135 2087 Q.
150 2004 291 2079 Gauius,
307 2009 436 2067 omnium
453 2005 637 2070 confessione
655 2007 770 2071 senatus

91 2091 251 2169 princeps·,
269 2090 301 2149 &
319 2085 445 2149 restituta
456 2089 484 2148 in
502 2088 654 2160 aedilitate,
668 2091 770 2152 adver-

91 2168 171 2228 sante
194 2167 313 2249 quidem
334 2169 503 2244 nobilitate„
523 2189 712 2231 monumenta
730 2169 770 2234 C.

92 2249 181 2309 Marii
194 2269 203 2321 3
221 2249 362 2332 simulque
376 2253 505 2310 revocati
517 2250 552 2308 ad
569 2249 612 2328 jus
627 2251 770 2332 dignitatis

92 2325 320 2410 proscriptorum
339 2327 420 2388 liberi
436 2352 445 2404 3
463 2331 495 2390 &
513 2329 788 2410 praetura,quaestu·.

90 2428 183 2490 raque
195 2409 315 2468 mirabili
325 2413 431 2470 virtute
444 2425 529 2490 atque
541 2408 676 2470 industria
689 2411 770 2473 obita

91 2491 122 2548 in
139 2486 196 2547 His
212 2491 295 2561 ania,
311 2509 402 2570 quum
419 2487 488 2550 esset
523 2488 628 2550 uaestor
645 2490 695 2552 sub
707 2490 770 2552 Ve-

92 2583 157 2630 tere
205 2567 320 2640 mistio,
337 2591 394 2632 avo
410 2569 494 2652 hujus
536 2572 621 2631 eteris
638 2569 770 2632 consuia-

90 2653 133 2710 ris
153 2664 238 2728 atque
256 2649 419 2730 pontificis,
439 2653 562 2711 duorum
580 2650 770 2730 consularium

92 2733 127 2794 δι
139 2727 319 2796 sacerdotum
330 2733 434 2814 patria,
447 2735 504 2793 viri
517 2735 546 2792 iu
562 2748 671 2792 tantum
680 2733 771 2806 boni,

636 2809 669 2872 D
