2014 3620
229 257 279 372 do
354 279 389 348 C.-
420 281 549 348 Vm.
575 276 778 346 Pmro

233 400 262 462 ei
280 397 433 478 imperium
450 415 565 476 aequum
583 396 613 458 in
632 395 767 456 omnibus
783 393 910 477 proviae

229 480 284 540 ciis
303 499 368 540 cum
384 474 601 559 proconsulibus
618 475 707 558 usque
719 476 756 536 ad
788 479 909 559 uinqua-

229 559 372 644 gesimum
384 557 547 618 milliarium
558 579 575 616 a
589 559 671 618 mari.
682 555 756 636 Quo
768 497 909 620 denariis·

229 637 361 700 consulto
377 657 451 717 pene
468 639 556 697 totius
573 653 712 698 terrarum
721 637 800 698 orbis
808 641 853 698 'im
875 659 909 699 e·

227 723 302 780 rium
311 719 434 778 univiro
446 715 646 777 deferebatur:
659 716 708 778 sed
719 733 816 778 tamen
827 720 836 778 i
859 739 909 780 em

228 797 288 860 hoc
302 815 368 859 ante
384 799 532 858 biennium
548 799 578 856 in
590 797 634 858 M.
648 795 770 858 Antonii
805 815 909 860 raetura

229 879 380 940 decretum
398 895 467 939 erat.
485 875 543 938 Sed
559 878 702 938 interdum
718 821 861 959 perdita,
875 895 908 942 ut

228 959 367 1040 exemplo
379 977 486 1032 nocet,
504 961 544 1018 ita
554 959 691 1020 invidiam
706 975 792 1040 auget
803 977 853 1020 aut
864 958 909 1022 le·

228 1057 288 1104 vat.
300 1039 335 1100 In
343 1041 474 1102 Antonio
486 1038 617 1100 homines
629 1059 713 1120 aequo
726 1041 822 1100 animo
832 1041 909 1120 passi

230 1115 415 1182 erant‘Raro
438 1122 514 1180 enim
532 1121 676 1181 invidetur
697 1140 797 1180 eorum
811 1121 908 1182 hono-

228 1203 330 1274 ribus,
346 1222 469 1283 quotum
480 1203 524 1262 vis
541 1222 600 1261 non
616 1202 751 1274 timetur3
764 1217 864 1261 contra
876 1201 907 1262 in

229 1283 265 1342 iis
289 1281 421 1343 homines
449 1281 671 1342 extraordinaria
697 1279 908 1356 reformidant,

228 1362 280 1442 qui
306 1381 340 1422 ea
359 1360 410 1421 suo
435 1363 551 1422 arbitrio
578 1378 626 1422 aut
651 1361 808 1442 deposituri
827 1405 837 1436 ,
853 1379 909 1432 ,aut

229 1444 370 1504 retenturi
391 1442 546 1516 videntur,
563 1442 596 1504 δι
612 1441 733 1502 modum
753 1443 783 1500 in
801 1442 910 1503 volun-

230 1537 298 1592 tate,
310 1521 425 1584 habent.
443 1521 648 1584 Diffundebnn
665 1524 838 1604 optimates,
857 1521 909 1586 sed
998 1603 999 1608 η

230 1603 350 1665 consilia
363 1603 478 1683 ,impetu
494 1602 569 1663 vicia
588 1601 660 1663 sunt.

232 1747 236 1754 ,
272 1681 418 1744 XXXII.
439 1681 536 1765 Digna
556 1681 597 1743 est
618 1683 759 1743 memorii
780 1679 824 1762 Q.
845 1680 909 1746 Ca·
999 1630 1000 1690 i

230 1761 284 1824 tuli
298 1784 387 1846 quum
405 1762 554 1824 auctoritas
568 1781 629 1824 tum
643 1763 817 1824 verecundia
833 1785 840 1823 ε
857 1766 909 1844 qui
1000 1810 1001 1844 1

230 1863 321 1984 ouum
336 1841 496 1904 dissuadens
512 1846 606 1925 legem
622 1847 652 1904 in
667 1846 808 1904 concione
825 1843 910 1902 dixis·
1000 1883 1001 1886 η

245 1941 294 1999 et,
314 1922 370 1985 effe
396 1925 516 2005 quidem
537 1926 702 2005 praeclarum
727 1927 823 1985 virum
848 1923 910 1986 Cn.

229 2003 421 2084 Pompeium,
434 2003 483 2064 (ed
494 2007 613 2064 nimium
626 2003 684 2085 jam
700 2004 801 2082 liberae'
810 2007 851 2064 tei
874 2026 911 2066 u·

229 2084 315 2145 blicae
332 2103 451 2174 ,11ng
468 2087 565 2144 omnia
584 2087 614 2144 in
634 2106 692 2145 uno
716 2028 907 2166 reponenda:

228 2147 436 2245 adjeciffetqu'd'
443 2207 453 2238 ,
465 2165 488 2224 si
520 2165 569 2224 uid
579 2165 645 2226 huic
658 2166 807 2239 acciderit,
817 2187 910 2247 quem

229 2245 259 2306 in
284 2241 345 2325 ejus
372 2244 470 2316 locum
495 2187 665 2306 destitueris
690 2247 700 2307 ἓ
724 2245 911 2310 succlamavit

227 2322 361 2387 universa
375 2327 500 2398 concio,
518 2329 575 2398 Te,
596 2330 632 2406 Q.
647 2327 748 2388 Catule.
765 2325 846 2394 Tum
856 2327 910 2390 ille

228 2404 319 2468 vidus
329 2405 465 2466 consensu
476 2409 622 2480 omnium,
632 2409 665 2469 δι
674 2424 732 2468 tam
741 2406 910 2472 honorifico

228 2485 351 2546 civitatis
369 2485 559 2562 testimonio,
580 2507 596 2546 e
612 2489 752 2548 concione
768 2486 911 2552 discessit.

226 2564 286 2624 Hic
305 2563 429 2625 hominis
452 2567 678 2641 verecundiam,
701 2568 802 2648 populi
824 2565 911 2647 justi-

226 2647 296 2708 tiam
314 2646 406 2706 mirari
423 2645 493 2707 libet
511 2669 518 2708 :
537 2645 639 2726 hujus,
655 2647 734 2728 quod
753 2668 813 2706 non
831 2649 911 2713 ultrd

227 2725 405 2805 contendit,3
419 2727 535 2810 plebis,
551 2729 632 2812 quod
648 2726 855 2802 diffundentem
873 2732 911 2799 &

991 378 993 504 i
