2014 3620
236 287 383 356 Ηιετ.
409 285 563 358 Lrsun
590 287 621 358 l.
730 299 775 386 ις

90 403 263 478 dicentem,
285 403 501 488 circumscripsit
521 406 655 492 virgula,
677 404 776 487 jussit·

114 507 170 561 ue,
181 487 259 567 pribs
270 485 435 567 responsum
447 487 587 562 reddere,
596 488 682 570 quium
695 485 785 571 egre'

92 509 213 627 deretur
229 565 310 628 finito
326 588 420 629 ateuae
432 569 550 628 circulo.
565 567 611 629 Sic
625 589 661 630 co
682 572 776 631 itatiu-

94 667 163 708 nem
183 649 290 730 regiam
310 647 442 708 Romana
462 647 574 731 disjecit
592 589 775 724 censarius,

94 727 301 811 obeditumque
318 731 452 810 imperio.
470 729 560 790 Lucio
579 748 676 792 sutem
690 731 776 792 Paul-

92 807 146 883 lo,
159 827 205 870 ma
226 829 269 869 nce
280 807 408 872 visiosiae
421 812 573 892 compoti,
586 829 708 894 quatuor
724 811 777 872 filii

92 887 186 950 fuere.
262 891 295 950 iis
317 889 415 961 dum,
433 907 502 950 natu
517 889 663 970 majores,
685 913 776 952 unum

90 969 196 1031 Publio
212 967 362 1051 Scipioni,
380 969 473 1030 Publii
489 970 619 1031 Africani
634 972 716 1044 silio,
735 975 780 1032 niss

92 1049 134 1112 bil
151 1070 188 1111 ex
204 1051 324 1133 paterni
342 1049 489 1130 majestate
500 1095 515 1123 ,
530 1069 637 1134 praeter
650 1051 776 1135 speciem

91 1133 246 1206 nominis,
274 1134 467 1213 vigoremque
500 1133 676 1214 eloquentiae
703 1136 777 1193 reti-

92 1215 196 1286 nenti,
220 1215 250 1272 in
273 1211 463 1296 ad9ptionem
489 1212 608 1274 dederat
620 1233 630 1288 3
654 1213 778 1276 alterum

91 1290 185 1355 Fabio
204 1291 334 1368 Maximo
349 1293 444 1354 :duos
459 1295 585 1354 minores
602 1311 668 1356 natu
679 1339 688 1370 ‚
701 1315 777 1377 prse-

92 1389 240 1448 temtos,
256 1394 316 1456 quo
334 1391 467 1456 tempore
486 1375 637 1437 vidioriam
653 1377 778 1458 adeptus

93 1453 161 1526 est,
185 1455 293 1516 habuit.
313 1452 341 1515 Is
365 1475 455 1538 quum
475 1457 505 1515 in
528 1455 670 1518 concione
694 1473 777 1518 extra

93 1536 223 1612 urbem,
247 1556 329 1597 more
356 1535 521 1615 maiorum,
546 1554 626 1598 ante·
638 1537 778 1618 triumphi

93 1617 196 1688 diem,
215 1617 349 1678 ordinem
367 1617 497 1678 asiorunn
513 1615 630 1678 suorum
645 1636 777 1688 comme·

91 1715 244 1770 morarer,
264 1697 349 1758 Deos
364 1698 542 1758 immortales
559 1706 697 1780 precatus
708 1697 750 1758 est
765 1743 777 1772 ,

92 1794 144 1851 ut,
158 1780 253 1858 siquis
263 1799 366 1838 eorum
376 1779 520 1843 invideret
530 1779 667 1864 operibus
677 1799 710 1839 ac
720 1778 780 1838 for-

92 1875 173 1920 tunae
185 1856 240 1915 suae
251 1901 261 1929 ‚
272 1860 301 1915 in
310 1856 405 1936 ipsum
414 1858 514 1938 potius
529 1856 678 1928 sevirent,
691 1858 780 1939 quint

92 1941 128 1998 in
140 1937 360 2019 rempublicam.
372 1935 451 2016 Quae
461 1957 523 1998 vox
533 1981 543 2009 ,
554 1939 646 1999 veluti
658 1939 781 2001 oraculo

92 2015 217 2088 emilla,
244 2017 348 2100 magud
366 2035 447 2100 parte
471 2038 538 2080 eum
559 2017 577 2078 s
591 2019 693 2081 oliavit
714 2018 780 2080 san-

114 2101 189 2162 uinis
206 2097 247 2159 sui
262 2121 269 2160 :
282 2119 350 2159 narn
367 2099 489 2160 alterum
508 2102 545 2162 'ex
563 2041 636 2175 siris,
658 2121 732 2183 quos
748 2105 780 2164 in

123 2181 204 2242 milia
230 2181 410 2256 retinuerat,
434 2181 531 2242 liberis
544 2199 648 2256 ,unte
670 2201 779 2264 paucos

91 2261 261 2341 triumphi,
279 2261 402 2321 'alterurn
426 2260 491 2340 posi
512 2264 665 2343 pauciores
685 2265 781 2324 atnlsis

93 2343 169 2406 dies.
190 2340 237 2402 As
271 2351 274 2358 '
304 2343 403 2422 ‘circa
422 2341 484 2402 haec
505 2358 637 2424 tempora
662 2343 782 2409 censura

92 2421 191 2487 Fulvii
213 2422 332 2496 Facti,
357 2424 390 2484 δι
411 2421 550 2484 Postumii
572 2423 679 2484 Albini·
695 2423 749 2484 fuit
770 2447 779 2485 τ

93 2507 166 2588 quip
190 2523 206 2562 e
223 2502 323 2581 Fulvii·
332 2501 460 2564 censoris
481 2503 588 2576 stater,
610 2505 642 2564 bc
661 2503 780 2584 quidein

93 2607 155 2645 cort
168 2605 240 2657 ors,
261 2581 319 2644 Cn.
339 2583 479 2654 Fulvius,
501 2583 601 2644 sennru
618 2601 715 2648 motus
737 2583 779 2645 est

96 2664 134 2726 ab
152 2666 187 2724 iis
201 2663 375 2726 censoribus.
445 2693 449 2700 ²
612 2685 614 2692 ’

117 2803 121 2810 ,
138 2741 295 2816 xenon,
310 2744 420 2811 vislutn
444 2762 620 2830 captimque
641 2742 748 2808 Persen
764 2787 783 2822 ,
