2020 3618
245 354 312 431 too
378 329 413 428 C.
442 357 573 428 νεα.
600 327 791 428 ΡΑτειέσ.

220 477 395 541 xCaeletium
417 477 547 537 tribunos
568 477 660 558 plebis
671 508 682 549 3
700 478 768 536 dum
793 493 919 617 arpuunt

241 561 270 645 in
288 581 324 620 eo
341 559 421 642 regni
439 557 636 630 voluntatem,
652 578 726 639 pene
744 560 804 617 vim
844 565 919 620 omi·

239 643 364 700 nationis
381 655 524 734 expertos.
543 635 575 697 ln
594 639 650 698 hoc
671 657 766 698 tamen
782 637 858 720 saepe
877 641 918 701 la·

240 723 336 780 cessiti
355 721 491 801 principis
512 721 553 778 ira
574 720 717 794 excessit,
735 735 766 780 ut
787 719 918 782 censorii

239 803 337 884 potii1s
355 817 506 861 contentus
522 801 613 871 noti,
630 799 715 882 qulam
735 801 919 862 animadver-

240 884 323 942 sione
341 879 508 956 litiatoria,
520 879 715 941 summoveret
730 901 781 940 eos
798 902 816 940 a
831 902 917 963 repu-

239 959 329 1033 blica,
338 961 561 1044 testareturque,
574 959 629 1020 elle
642 961 695 1020 sibi
710 959 916 1039 miserrimum,

241 1044 322 1124 quod
333 1061 380 1103 aut
391 1045 489 1104 naturlt
504 1041 551 1102 sula
564 1045 590 1101 ei
607 1041 805 1104 excedendum
822 1041 915 1115 foret,

241 1123 290 1185 aut
313 1125 468 1185 minuenda
488 1123 619 1206 dignitas.
641 1119 700 1182 Sed
722 1123 760 1182 ad
783 1123 917 1184 ordinem

241 1205 447 1269 revertendum
467 1202 517 1265 est.

281 1285 409 1346 LXIX.
431 1284 494 1346 Jam
515 1285 548 1345 ἃ
566 1281 723 1344 Dolabella
741 1285 771 1342 in
789 1281 861 1344 Asia
880 1283 919 1348 C.

240 1365 423 1427 Trebonium
442 1364 641 1440 consularem,
660 1369 705 1425 cui
723 1361 919 1439 succedebat,
1003 1411 1004 1434 2

242 1445 343 1506 fraude
362 1447 538 1528 deceptum,
555 1443 686 1526 Smyrnae
699 1445 863 1519 occiderat,
874 1449 921 1506 vi·
1002 1437 1004 1448 ¹

243 1548 310 1586 rum
332 1528 469 1589 adversus
494 1529 597 1586 merita
622 1524 740 1586 Caesaris
761 1529 921 1609 ingratissi-
1003 1581 1004 1594 ,

244 1628 326 1668 munt
343 1655 350 1679 ,
370 1609 595 1690 participemque
614 1607 700 1667 caedis
720 1604 802 1686 ejus,
819 1629 836 1667 a
879 1629 921 1670 uo

244 1687 349 1772 ipsein
367 1687 511 1749 consulare
527 1687 681 1770 provellus
696 1685 837 1770 fastigium
855 1629 921 1749 are-

245 1788 288 1832 rat
298 1792 303 1828 :
314 1772 345 1832 &
357 1768 392 1831 C.
402 1769 535 1844 Cassius,
548 1770 670 1850 acceptis
680 1789 696 1827 a
707 1767 799 1829 Statio
813 1767 921 1830 Murco

246 1853 279 1914 &
296 1849 398 1932 Crispo
416 1850 544 1921 Marcio,
557 1851 695 1932 praetoriis
710 1852 779 1910 vitis
793 1853 922 1932 impera·

245 1931 598 2015 toribusque,praevalidis
608 1932 637 1990 in
646 1929 730 2011 Syria
740 1931 922 2014 legionibus,
1001 1973 1002 2012 ἕ

243 2013 385 2074 inclusum
410 2011 621 2086 Dolabellam,
645 2013 695 2093 qui
720 2013 925 2094 praeoccupati
1001 2019 1002 2093 l

244 2093 319 2156 Asta
339 2095 367 2151 in
388 2089 502 2174 Syriam
521 2108 721 2174 pervenerat,
741 2091 924 2164 Laodiceae,
1000 2127 1001 2142 .

243 2171 407 2256 ¹expugnati
420 2172 455 2232 ea
470 2172 560 2248 urbe,
576 2190 711 2252 ceperat,
726 2173 764 2234 ita
777 2189 876 2233 tamen
891 2191 926 2235 ut
1000 2229 1001 2233 ,

246 2255 284 2315 ad
304 2255 390 2314 illum
415 2251 490 2314 servi
508 2251 548 2313 sui
568 2251 721 2313 Dolabella
744 2275 804 2312 non
827 2252 927 2337 segni-
999 2261 1000 2324 ξ

247 2353 291 2396 ter
305 2337 448 2397 ce'rvicem
463 2335 562 2408 daret;
579 2335 611 2396 &
627 2335 729 2394 decem
745 2335 773 2394 le
794 2337 879 2395 iones
894 2337 928 2396 in
998 2333 1000 2396 ξ

249 2437 287 2475 eo
309 2415 397 2476 trallu
415 2414 455 2475 sui
474 2413 542 2496 juris
561 2411 687 2475 fecerat:
705 2414 736 2476 δι
793 2461 799 2473 .
816 2414 928 2478 Brutus

248 2495 285 2558 C.
300 2497 429 2556 Antonio
443 2494 522 2556 fratri
538 2493 581 2554 M.
597 2493 719 2555 Antonii
734 2497 763 2554 in
777 2493 929 2557 Macedo-

247 2579 293 2642 nia
305 2621 315 2650 ,
330 2576 505 2658 Vatinioque
520 2579 594 2636 circa
604 2574 798 2658 Dyrrachium
812 2579 932 2638 'volen-

248 2675 292 2716 tes
319 2657 446 2738 legiones
472 2655 626 2718 extorserat
647 2679 657 2732 ;
680 2655 729 2716 sed
755 2653 931 2718 Antonium
996 2705 997 2708 ,

247 2737 327 2802 bello
340 2739 516 2810 lacessierat,
530 2736 677 2803 Vatinium
688 2737 856 2820 dignatione
872 2739 933 2798 ob-

249 2834 343 2880 ruerat
361 2841 368 2880 :
389 2839 479 2906 quum
503 2815 657 2882 &Brutus
677 2817 795 2879 cuilibet
808 2813 933 2882 ‘ducunt
