2014 3620
246 319 291 421 56
365 321 400 390 C.
428 323 560 390 Vnt.
587 321 787 390 Parere.

241 441 395 503 honoravit
413 439 574 510 memoria,
601 439 703 520 quibus
721 439 927 512 sine‘nomine

242 519 363 580 Sullanae
380 519 507 580 vidoriae
524 518 713 578 celebrantur.

285 598 452 661 XXVIII.
472 598 561 659 Paulo
582 599 649 659 ante
672 597 759 681 quirn
782 597 862 659 Sulla
886 599 922 660 ad

244 675 439 760 Sacriportum
455 679 621 754 dimicaret,
640 677 797 762 magnificis
812 681 922 761 proeliis

244 763 368 841 partium
385 757 447 840 ejus
462 761 516 820 viri
527 759 652 820 hostium
665 762 820 820 exercitum
838 759 922 820 fude-

245 859 309 902 rant
325 863 335 916 ;
354 840 412 902 duo
427 837 540 900 Servilii
558 842 633 920 apud
649 827 799 912 Ciusium‚
816 826 923 900 Metel·

243 919 289 980 Ius
310 923 373 1002 pius
401 920 477 1000 apud
501 920 697 994 Faventiam,
721 919 765 980 M.
788 920 922 980 Lucullus

245 1002 322 1061 circa
347 1001 518 1062 Fidentiam.
544 1000 724 1060 Videbantur
749 999 828 1060 finita
853 1001 922 1060 belli

235 1083 341 1144 'civilis
354 1083 448 1156 mala,
465 1103 554 1163 quum
566 1079 651 1141 Sullae
663 1081 829 1141 crudelitate
842 1080 923 1141 auda

246 1161 311 1239 sunt
324 1184 333 1222 ε
347 1164 455 1244 quippe
476 1161 596 1222 diuator
615 1179 724 1222 creatus
744 1159 853 1242 (cujus
872 1163 924 1222 ho·

247 1245 327 1302 noris
344 1242 488 1324 usurpatio
505 1263 557 1324 per
582 1263 672 1302 annos
689 1259 805 1302 centum
822 1243 925 1324 viginti

248 1321 403 1382 intermissa
425 1343 435 1396 ;
460 1343 526 1382 narn
553 1324 701 1402 proximus
728 1321 792 1404 post
818 1343 926 1384 annum

247 1402 334 1484 quim
352 1401 479 1462 Annibal
496 1401 575 1464 Italis
592 1401 768 1463 excesserat:
783 1403 823 1464 uri
839 1424 926 1484 appa·

248 1499 309 1543 reat
333 1481 472 1563 populum
494 1481 658 1543 Romanum
678 1482 758 1543 usum
782 1481 926 1544 disIatoris

248 1579 309 1622 non
330 1580 389 1624 tam
414 1561 607 1637 desiderasse,
626 1563 712 1644 quam
731 1561 851 1640 timuisse
870 1585 927 1646 po-

248 1641 403 1725 testatem)
418 1644 560 1724 imperio,
579 1665 637 1724 quo
656 1645 764 1724 priores
780 1643 818 1703 ad
833 1645 928 1706 vindi·

251 1725 372 1798 caudam
400 1726 532 1784 maximis
558 1723 928 1805 periculis'rempublicam

250 1807 295 1865 usi
314 1803 450 1878 fuerant,
469 1805 631 1864 immodicae
653 1803 824 1866 crudelitatis
840 1805 929 1866 licen·

251 1885 293 1954 ,tid
309 1885 374 1948 usus
393 1884 443 1946 est.
462 1885 571 1946 Primus
592 1887 662 1960 ille,
682 1885 714 1947 δι
731 1888 838 1946 utinam
860 1887 931 1947 ulti·

251 1988 316 2028 mus
337 1970 346 2028 i
370 1967 534 2046 exemplum
559 1966 772 2046 proscriptionis
794 1967 931 2043 invenit,

251 2064 283 2106 ut
293 2090 305 2118 ,
321 2048 350 2106 In
390 2067 424 2104 ua
440 2049 556 2106 civitate
573 2049 725 2126 petulantis
743 2049 868 2107 convicii
885 2046 932 2127 ju·

251 2127 360 2186 dicium
402 2123 509 2185 istrioni
526 2126 641 2186 exoleto
661 2127 788 2188 redditur
810 2172 820 2201 ‚
841 2130 871 2187 in
898 2150 934 2190 ea

249 2205 371 2289 jugulati
388 2208 460 2268 ciris
476 2205 602 2267 Romani
616 2207 729 2288 publice
743 2207 934 2269 constituere·

251 2304 297 2368 tur
315 2285 558 2348 audioramentum
575 2333 585 2364 ,
605 2289 819 2371 plurimumque
841 2289 935 2351 habe·
991 2315 993 2322 ⁴

250 2385 297 2428 ret
310 2413 320 2442 ‚
335 2370 384 2448 qui
397 2368 535 2448 plurimos
550 2368 755 2442 interemiffet3
771 2390 866 2450 neque
880 2393 936 2431 oc·

250 2451 304 2508 cisi
319 2445 428 2520 hostis,
440 2447 627 2531 quicumvis,
639 2449 753 2510 uberius
767 2448 843 2510 soret
856 2472 937 2532 prae-

253 2531 344 2589 mium
363 2549 373 2600 3
396 2527 534 2611 fieretque
556 2530 672 2612 quisque
695 2550 806 2590 merces
830 2534 937 2593 mortis

249 2606 320 2674 suae.
337 2607 400 2668 Nec
418 2611 561 2670 tamenin
580 2631 651 2682 eos,
689 2612 716 2669 ui
734 2609 836 2672 contra
853 2633 937 2674 arma

252 2689 395 2762 tulerant,
411 2687 459 2750 sed
474 2691 503 2748 in
519 2689 622 2750 multos
639 2631 763 2750 iniontes
780 2687 936 2755 saevitum:

252 2766 396 2858 adjesiur'n
420 2771 529 2851 etiarn,
548 2788 580 2831 ut
604 2770 681 2832 bona
706 2767 939 2856 proscriptorum
