2020 3618
222 265 270 361 84
342 266 394 338 ’6.
423 268 556 338 Vm.⁴
581 228 778 336 Pirene.

221 386 461 470 Pompeianarum
500 385 604 445 artium
622 381 710 444 caesos
727 384 829 458 viros,
843 405 910 448 non

220 470 281 530 reci
304 471 326 528 it
354 406 509 527 enarrancia
535 466 580 524 hic
612 463 756 546 scripturae
784 465 907 544 modus.

221 490 302 610 lllui
316 546 475 608 notandum
492 542 533 606 est
545 566 552 605 ε
564 561 595 605 ut
611 546 736 626 primum
754 541 791 607 C.
806 543 909 607 Caesar

222 629 388 690 inclinatam
417 626 490 686 vidit
517 625 762 705 Pompeianorum
784 627 908 699 aciem,

223 729 319 790 neque
349 708 427 790 prius
453 726 549 787 neque
575 707 718 786 antiquius
745 706 909 788 quidquam
963 729 967 737 ·

225 790 345 862 habuit,
367 786 454 869 quim
475 806 578 856 omnes
598 803 693 867 partes
710 784 853 866 [militari
874 789 909 850 &

224 869 371 942 verbo&
394 865 599 935 consuetudine
620 865 712 946 urar]
737 866 906 940 dimitteret.
1003 929 1004 940 ,

223 948 303 1012 Proh
315 947 367 1008 Dii
384 949 563 1009 immortales
579 950 586 1008 !
604 947 684 1028 quod
700 945 784 1026 hujus
798 949 910 1009 volun·
1003 947 1004 984 ἕ

225 1034 291 1091 tatis
303 1050 371 1112 erga
381 1022 502 1090 Brutum
516 1027 572 1090 suae
583 1026 683 1106 postea
699 1029 746 1088 vir
755 1045 815 1088 tam
828 1030 917 1088 mitis*

249 1112 352 1173 retium
370 1108 457 1170 tulit!
482 1109 565 1170 Nihil
583 1108 632 1168 illa
650 1106 770 1168 vinoriu
787 1109 909 1170 mirabi-

225 1132 303 1265 iius,
320 1187 569 1272 magnificentius,
585 1189 687 1248 clarius
696 1186 750 1248 fuit
766 1210 776 1263 3
788 1190 931 1271 quandor

225 1275 395 1345 neminem,
418 1271 473 1330 nisi
489 1273 549 1331 acie
570 1267 790 1349 consumptum,
809 1273 915 1332 civem·

227 1354 319 1434 patria
338 1351 512 1412 desideravit
530 1373 537 1411 :
555 1348 605 1410 sed
622 1370 725 1409 munus
742 1347 915 1424 misericor-

227 1433 284 1492 diae
311 1433 438 1511 corrupit
464 1433 637 1512 pertinacia,
660 1451 749 1512 quum
770 1429 912 1500 libentius

227 1514 320 1574 vitam
335 1509 429 1574 vicior
446 1510 506 1593 jam
523 1513 625 1586 daret,
641 1510 727 1592 quim
745 1509 815 1574 vitri
832 1516 913 1574 acci·

227 1608 340 1676 parent.
463 1649 465 1656 .

271 1669 361 1733 Llll.
382 1671 537 1752 Pompeius

576 1670 722 1753 refugiens
744 1693 810 1734 cum
831 1673 912 1734 duo·

229 1753 286 1816 bus
308 1753 436 1814 Lentulis
466 1692 656 1812 consuiiribus
678 1749 826 1834 Sextoque
847 1755 912 1816 filio

229 1836 265 1898 &
286 1833 419 1896 Favonio
441 1835 577 1914 praetorio
596 1879 605 1908 ,
631 1855 704 1914 quos
732 1837 855 1896 comites
884 1840 913 1898 ei

228 1913 346 1975 fortuna
371 1930 598 1995 agregaverat‚
620 1915 682 1974 aliis
707 1930 738 1974 ut
761 1913 914 1992 Parthos,

229 1995 294 2058 aliis
309 2012 341 2057 ut
358 1935 487 2055 Afiicam
505 2011 641 2074 peteret,
658 1996 687 2053 in
704 2015 761 2076 qua
778 1993 914 2056 fidelissi-

230 2095 315 2136 mum
356 2076 458 2134 artium
477 2072 587 2133 suarum
606 2074 724 2135 haberet
740 2095 840 2156 regem
861 2077 915 2138 Ju·
1008 2141 1009 2150 ¹

203 2209 205 2213 ,
229 2155 300 2216 bam
312 2198 321 2227 ,
332 2096 513 2214 inuentibus
522 2198 532 2226 ,
544 2154 706 2236 AEgyptum
724 2172 823 2236 petere
839 2179 915 2238 pro·
1007 2155 1009 2174 ⁴

230 2233 346 2316 posuir3
361 2255 474 2296 memor
490 2233 698 2296 beneficiorum
709 2281 718 2304 ,
731 2257 795 2316 quae
814 2239 844 2295 in
882 2261 912 2298 a·

233 2333 310 2376 trem
325 2314 385 2395 ejus
400 2315 563 2389 Prolemaei,
575 2318 625 2397 qui
637 2334 699 2376 turn
712 2336 803 2396 puero
823 2339 916 2399 quam

232 2394 334 2478 juveni
349 2399 468 2478 propior
482 2397 617 2478 regnabat
629 2396 827 2471 Alexandriae,
842 2421 917 2459 con·

209 2507 210 2514 ¹
233 2477 348 2538 tulerat.
365 2475 423 2537 Sed
441 2478 503 2558 quis
517 2481 546 2536 in
560 2478 685 2538 adversis
697 2475 923 2540 beneficiorum

232 2555 328 2616 servat
348 2558 547 2618 memoriam?
569 2576 617 2618 aut
638 2561 701 2639 quis
720 2557 808 2616 ullam
834 2561 917 2620 cala-

233 2637 344 2700 mitosis
359 2637 458 2699 deberi
472 2654 553 2720 putat
589 2639 712 2700 ratiam?
729 2655 776 2697 aut
791 2641 916 2720 quaudo

233 2714 347 2796 fortuna
361 2734 420 2782 nun
438 2736 528 2782 murat
544 2658 633 2781 fiiem
646 2717 751 2793 {Missi
761 2720 863 2804 itaque
876 2722 916 2786 ab
