2014 3620
250 283 306 401 '48'
378 307 413 378 C.
441 311 575 380 Varn.
599 291 804 380 Pnrnn'c.
857 372 860 378 .

254 427 301 511 jus
312 430 458 489 commissi
473 429 630 510 patratique
647 425 697 488 sub
710 425 774 510 ipsis
788 426 935 490 moenibus

251 509 403 592 'oculisque
429 509 506 568 urbis
531 507 700 579 Romanae',
740 509 934 590 pugnantibus

251 587 502 670 spedantibusque
543 588 607 647 uim
626 587 711 648 fuerit
730 607 851 650 eventus
869 592 935 649 exi-

254 669 361 729 tiabilis
381 671 456 742 ,vix
479 689 517 728 ve
551 671 575 728 is
597 671 717 750 exprimi
739 669 844 750 potest.
865 669 934 732 Post

250 749 313 809 ·hoc
334 795 344 824 ‚
387 765 455 808 uum
476 766 572 808 utturn
593 769 629 808 ue
652 753 830 823 exercitum,
850 752 934 812 velut

263 831 357 889 'arum
366 769 459 889 citello
481 771 671 904 exhaustum,
691 831 826 906 laceraret
844 830 934 911 pesti·

253 849 364 983 lenna,
380 908 435 971 Cn.
445 910 601 993 Pompeius
612 911 735 972 decessit
747 910 844 991 :cujus
859 914 936 973 inte·

252 989 327 1052 ritds
347 991 503 1073 voluptas,
522 989 683 1051 amiffornm
703 1008 750 1051 aut
768 991 863 1074 gladio
879 1009 934 1052 aut

254 1073 363 1132 morbo
376 1075 482 1133 civium
496 1092 571 1152 pene
583 1072 692 1130 damno
708 1071 856 1152 repensare
870 1071 934 1148 est3

252 1151 383 1236 populus
398 1174 434 1213 ue
452 1153 620 1223 Romanus,
636 1173 722 1234 quarn
734 1155 806 1212 vivo
821 1155 934 1212 iracun-

257 1233 335 1292 diam
354 1231 390 1292 de
413 1249 512 1304 uerat,
532 1236 561 1291 in
582 1254 633 1292 cor
653 1254 686 1291 us
705 1235 810 1292 mortui
828 1250 933 1294 contu·

255 1312 296 1372 lit.
317 1311 375 1372 Seu
396 1313 459 1372 duae
478 1313 527 1372 seu
546 1330 603 1372 tres
623 1255 828 1394 dompeioruru
848 1314 933 1374 fuere

254 1391 388 1465 familiae,
401 1396 508 1473 primus
521 1390 583 1473 ejus
602 1397 741 1463 nummis,
756 1411 822 1454 ante
840 1415 934 1455 annos

251 1470 317 1532 'fere
330 1490 446 1532 centum
462 1471 604 1556 sexaginta
618 1472 704 1543 otto,
716 1473 759 1552 Q
775 1474 935 1556 Pompeius

256 1573 324 1612 cum
351 1551 406 1614 Cn.
429 1551 552 1628 Servilio
572 1551 673 1614 consul
698 1552 761 1612 fuit.
784 1552 934 1617 Cinna&

254 1631 393 1706 Marius,
416 1631 662 1711 haud'incruentis
680 1635 821 1713 utrimque
840 1653 935 1696 certa-

249 1713 381 1774 minibus
394 1714 475 1774 editis
488 1759 497 1784 ‚
509 1713 621 1774 Urbem
634 1731 869 1795 occupaverunt3
882 1716 934 1778 sed

255 1797 336 1875 prior
347 1792 482 1878 ingressus
498 1792 610 1871 Cinna,
627 1794 664 1855 de
680 1794 847 1876 recipiendo
864 1795 935 1858 Ma·

254 1878 300 1936 rio
316 1875 342 1935 le
364 1897 410 1936 em
429 1876 502 1937 tulit.

247 1983 251 1990 ¹
296 1955 326 2015 X
366 1955 407 2016 11.
429 1955 504 2016 Mox
521 1953 557 2016 C.
578 1955 688 2016 Marius
706 1955 841 2037 pestifero
864 1959 936 2018 civi·

255 2037 310 2096 bus
329 2034 492 2103 suisreditu
508 2038 625 2101 intravit
643 2039 760 2096 muenia.
782 2037 863 2096 Nihil
880 2039 934 2101 ille

254 2113 375 2174 vidoriai
390 2113 482 2176 fuiss'et
496 2115 637 2176 crudelius
649 2163 659 2192 ,
671 2119 725 2176 nisi
736 2139 807 2178 mox
818 2116 935 2180 Sullana

253 2193 322 2255 effet
339 2193 457 2256 secuta:
473 2216 567 2278 neque
586 2197 700 2258 licentii
718 2199 747 2258 in
768 2199 933 2262 mediocres

255 2274 405 2348 saevitum,
426 2275 477 2336 sed
498 2277 681 2338 exceisissimi
706 2279 827 2361 quoque
844 2299 933 2362 atque

255 2357 474 2416 eminentissimi
486 2359 609 2418 civitatis
622 2361 676 2419 viri
686 2363 768 2418 variis
778 2359 935 2441 supplicio·

255 2457 320 2496 rum
339 2440 491 2518 generibus
506 2437 606 2500 affecti,
626 2439 659 2500 In
675 2441 709 2498 iis
725 2437 823 2499 consul
841 2440 934 2503 Otta-

254 2520 384 2590 vius‚vir
394 2518 531 2579 lenissimi
542 2523 643 2594 animi,
651 2517 720 2598 justu
731 2517 832 2580 Cinnae
840 2524 934 2583 inter-

254 2597 344 2658 fedius
361 2597 411 2659 est.
432 2599 546 2660 Merula
563 2601 743 2680 autem‚'qui
763 2599 793 2660 se
811 2600 861 2661 sub
881 2606 934 2664 ad-

246 2678 373 2738 'ventum
382 2678 484 2740 Cinnae
496 2678 640 2740 consulatu
650 2679 847 2756 abdicaverat,
859 2685 934 2745 inci-

243 2760 292 2828 'ris
304 2762 384 2823 venis
403 2760 606 2844 superfusoque
620 2760 753 2822 altaribus
770 2760 907 2845 sanguine
921 2812 932 2841 ,

855 2865 933 2925 quos
