2020 3618
231 297 302 372 ἰόο
351 295 386 368 C.
416 295 549 364 Vm.
579 291 633 366 ΡΑ
647 307 781 364 nnnc.
864 284 866 288 ’

228 435 301 491 cus,
321 419 359 479 ita
379 413 511 484 Drusus,
529 415 579 496 qui
595 434 612 474 a
629 431 711 510 patre
730 415 761 473 in
780 411 910 495 idipsum

227 499 352 582 plurimo
369 497 487 580 quidem
499 499 566 577 igne
582 515 727 565 emicans,
738 495 913 556 incendium

228 579 358 640 militaris
375 575 511 638 tumultis
530 573 624 636 missus
635 655 636 658 Ἴ
647 592 725 646 erat,
742 574 837 656 ¹prisci
859 595 913 637 an·

229 659 366 740 tiquique
397 656 547 717 severitate
581 653 660 716 ausus
691 657 752 716 anc’
775 657 827 716 'tia
857 657 913 717 sibi

230 753 289 800 tam
309 759 339 798 re
358 736 443 819 quim
463 732 599 817 exemplo
616 737 746 818 pernicio
759 755 795 809 a,
813 737 847 798 δι
865 737 913 800 liis

229 818 300 899 ipsis
313 819 440 904 militum¹
449 817 564 900 gladiis,
575 819 677 912 qttibus
691 815 816 890 obsessus
829 835 914 894 erat,

231 899 398 960 obsidentes
418 899 545 959 coircuit
560 918 569 971 ;
584 917 625 958 sm
667 898 716 958 lati
726 895 866 976 ·adjutore
881 901 913 960 in

225 999 271 1044 »eo
293 982 411 1063 negotio
429 979 492 1040 usus
512 977 599 1040 Junio
644 977 737 1046 laeso,
758 981 825 1039 viro
846 977 915 1040 nes·

233 1063 292 1121 cias
310 1062 425 1122 utiliore
443 1063 472 1119 in
491 1057 609 1130 castris,
628 1081 663 1119 an
680 1059 801 1120 meliore
818 1060 848 1118 in
867 1078 916 1122 to·

231 1161 290 1224 ga:
305 1145 372 1226 qui,
391 1139 456 1224 post
474 1161 581 1222 paucos
600 1161 688 1210 annos
706 1139 862 1220 proconsul
879 1142 912 1201 in

233 1222 354 1295 Africa,
378 1239 546 1283 ornamenta
563 1221 748 1301 ,triumphalia
771 1241 840 1280 cum
864 1242 914 1303 ap·

234 1304 390 1384 pellatione
409 1303 591 1386 imperatoria
609 1303 714 1361 meruit
731 1323 741 1375 3
759 1322 793 1360 ac
811 1299 915 1383 Hispa·

234 1385 296 1442 nias
320 1386 533 1465 exercitumque
556 1382 737 1454 virtutibus,
761 1381 916 1443 celeberri-

233 1464 340 1544 mique
354 1465 383 1523 in
398 1463 517 1543 lllyrico
530 1462 648 1533 militii,
664 1479 699 1522 ut
711 1463 894 1546 praediitimus
901 1507 917 1536 ,

234 1565 323 1625 quum
341 1547 463 1624 imperio
481 1545 647 1615 obtineret,
664 1545 693 1602 ilt
712 1541 822 1602 summa
861 1549 915 1604 ace

235 1624 332 1706 quiete
351 1626 490 1685 continuit
509 1644 522 1697 ;·
538 1627 626 1704 quuin
645 1626 673 1683 ei
689 1625 781 1705 pietas
796 1644 826 1683 re
856 1625 916 1684 'ssi‘-

234 1699 285 1766 ma¹
302 1704 458 1778 sentiendi,
476 1705 508 1766 δὲ
528 1701 676 1764 auslotitas
694 1725 757 1788 quae
774 1702 916 1766 sentiebat

236 1787 405 1858 obtinendi,
425 1783 598 1866 superesset:
615 1783 695 1862 cujus
713 1799 809 1845 cut-‘ant
829 1807 861 1845 at
880 1785 916 1846 fi'·

237 1868 306 1928 dem
328 1866 483 1928 Dolabella
501 1887 641 1948 quoque,
659 1869 706 1925 vir
724 1866 915 1946 simplicitatis

236 1950 486 2029 generosissimae,
504 1950 533 2006 in
555 1950 679 2008 maxima
700 1963 787 2027 pat-te
804 1945 916 2028 lllyrici

234 2030 406 2108 peremnia
424 2031 548 2088 imitatus
565 2025 616 2088 est.
743 2053 746 2060 ·

278 2105 444 2166 CXXVI.
466 2107 579 2167 Hbrurn
601 2107 746 2169 sexdecim
767 2129 915 2170 annorum

236 2205 331 2266 opera·
345 2188 431 2268 quis,
445 2207 532 2268 quum
549 2186 656 2248 inserta·
668 2191 725 2249 sint
743 2192 835 2250 oculis
855 2194 918 2252 ani·

234 2265 351 2350 tnisque
369 2271 522 2342 omnium,
540 2270 571 2328 in
590 2271 715 2352 partibus
737 2271 917 2352 eloquatur?

232 2346 365 2408 sacravit
380 2369 528 2431 parentent
544 2349 625 2410 suum
638 2348 807 2411 Caesat‘non
819 2353 918 2434 impe·

234 2429 303 2503 tio,
319 2428 371 2488 sed·
390 2431 526 2513 religione
543 2453 551 2490 ε
570 2451 632 2490 non
649 2430 805 2512 appellavit
822 2453 920 2510 eunt,

235 2507 287 2569 fed
303 2505 371 2569 fecit
385 2508 493 2572 Deum.
508 2511 657 2572 Revocata
670 2514 700 2570 in
709 2510 808 2572 sontm
820 2513 919 2590 sides,

232 2587 378 2650 summota
395 2611 412 2651 e
426 2591 491 2654 soro
509 2592 633 2664 seditio,
650 2592 771 2652 ambitio
788 2616 918 2675 campo,

120 2667 126 2682 ¹
236 2669 380 2730 'discordia
391 2674 488 2748 curi53
504 2671 677 2754 sepultaeqtte
694 2695 726 2734 ac
742 2678 796 2736 situ
811 2676 922 2738 obsitae

233 2746 364 2832 justitie,
378 2755 499 2835 aquitae
506 2799 519 2831 ,
533 2751 671 2817 industria
687 2755 804 2817 civitati·
815 2756 921 2829 tetl'tli·¹
