2020 3618
255 336 322 400 122
378 310 417 380 C.
446 312 576 378 Vara.
601 307 808 382 Prinne.

251 430 309 494 Cn.
322 428 474 510 Scipione,
492 423 620 486 Africani
636 443 760 506 patru03
774 445 828 506 per
842 446 934 486 annos

250 513 394 572 ducentos
410 511 440 568 in
452 508 495 566 his
509 505 602 568 multo
615 523 773 584 mutuoque
787 509 827 582 ito
842 527 936 566 certa-

253 610 315 654 tum
331 589 371 650 est
382 589 534 670 sanguine,
548 605 580 648 ut
590 587 698 646 amissis
733 608 750 645 o
774 587 815 647 uli
827 587 937 647 Roma·

252 675 282 732 ni
298 687 340 732 tot
354 667 576 748 imperatoribus
594 608 840 748 exercitibusque,
859 665 936 748 saepe

250 751 446 824 contumelia,
464 751 553 810 etiam
573 768 793 830 nonnumquam
817 751 936 829 pericu·

250 834 312 896 ium
323 831 458 892 Romano
473 827 624 890 inferretur
636 830 769 909 imperio.
781 825 843 890 111ae
856 831 935 898 enirn

250 915 412 998 provinciae
432 909 581 992 Scipiones
597 907 833 990 consumpserunt
848 931 859 983 3
876 910 934 969 illae

251 991 466 1059 contumelioso
489 993 590 1071 viginti
613 1011 754 1052 annorum
776 989 860 1052 bello
884 989 934 1050 sub

254 1077 330 1138 duce
351 1075 484 1134 Viriatho
508 1070 632 1150 majores
656 1068 769 1132 nostros
794 1091 935 1131 exercue-

254 1175 322 1220 runt
338 1179 347 1231 ;
361 1156 438 1230 illae,
455 1173 565 1214 terrore
583 1151 750 1214 Numantini
769 1151 862 1222 belli,
880 1172 936 1230 po·

254 1239 355 1324 pulum
381 1236 546 1296 Romanum
570 1231 799 1292 concusserunt:
825 1234 856 1290 in
880 1231 935 1292 illis

257 1338 341 1400 turpe
388 1363 395 1376 .
407 1315 538 1398 Pompeii
549 1313 661 1387 soedus,
672 1309 837 1393 turpiusque
854 1311 937 1372 Mau·

255 1401 314 1462 cini
335 1315 477 1470 ‚senatus
503 1416 567 1454 curn
590 1396 598 1452 i
620 1396 744 1454 nominia
767 1393 860 1453 dediti
880 1397 936 1453 im·

258 1479 397 1560 peratoris
431 1475 574 1543 rescidit:
598 1414 645 1534 iila
671 1490 715 1535 tot
742 1471 936 1546 consulares,

257 1577 303 1620 tot
322 1561 472 1641 prtetorios
493 1555 647 1635 absumpsit
667 1555 754 1614 duces
771 1576 780 1638 ξ
803 1572 937 1635 patrum-

259 1662 316 1722 que
343 1655 451 1711 retate,
474 1638 503 1698 iu
528 1653 638 1696 tantum
662 1633 823 1696 Sertorium
850 1637 937 1696 armis

259 1721 384 1794 extulit,
406 1736 437 1781 ut
459 1739 511 1800 per
536 1706 763 1798 quinquennium
785 1713 938 1794 dijudicari

259 1823 319 1864 non
339 1802 486 1884 potuerit,
503 1797 635 1879 Hispanis
653 1795 828 1861 Romanisne
844 1799 876 1856 in
895 1819 939 1856 ar·

261 1887 316 1946 mis
340 1883 402 1963 plus
423 1879 492 1941 esset
511 1879 624 1939 roboris
644 1921 652 1945 ,
675 1879 707 1940 ὃ(
728 1895 791 1938 uter
810 1877 938 1958 populus

262 1965 343 2024 alteri
362 1963 501 2043 pariturus
521 1959 606 2020 soret.
629 1957 689 2018 Has
709 1959 793 2040 igitur
815 1960 941 2038 provin-

260 2047 319 2104 cias
339 2060 397 2100 ram
419 2039 533 2103 diffusas
552 2084 563 2110 ,
581 2056 638 2098 tam
661 2037 856 2120 frequentes,
878 2055 941 2098 tam

261 2121 335 2182 feras
355 2121 474 2180 adeam
493 2140 596 2202 pacem
614 2119 716 2180 abhinc
734 2139 826 2180 annos
845 2118 941 2180 ferini

262 2202 470 2285 quinquaginta
492 2201 625 2282 perduxit
647 2198 742 2262 Caesar
765 2198 942 2282 Augustus,
1004 2237 1007 2242 ·

262 2302 317 2358 ut,
335 2304 399 2365 quae
423 2283 554 2342 maximis
573 2281 656 2342 bellis
674 2300 831 2360 numquam
856 2303 943 2341 vaca·

262 2381 387 2439 verant,
411 2383 453 2424 eae
472 2360 522 2422 sub
544 2360 580 2422 C.
603 2359 752 2433 Antistio,
774 2381 808 2420 ac
833 2360 943 2422 deinde

262 2444 294 2508 P.
317 2441 388 2504 Silio
408 2443 504 2525 legato
525 2439 682 2524 ceterisque
702 2438 830 2523 postea,
853 2446 945 2504 etiarn

261 2525 417 2588 latrociniis
432 2539 577 2583 vacarent.

304 2602 385 2670 XCI.
397 2603 479 2666 Dum
489 2621 604 2684 pacatur
613 2599 778 2672 Occidens,
787 2603 825 2661 ab
836 2601 947 2664 Orien·

264 2702 293 2744 te
306 2705 339 2744 ac
355 2704 422 2766 rege
435 2683 604 2744 Parthorum
616 2685 695 2764 signa
709 2682 865 2756 Romana,
879 2705 946 2765 quae

261 2763 364 2834 ¹Crasso
390 2761 526 2846 oppresso
553 2762 671 2828 Orodes
688 2811 709 2838 „
722 2783 785 2845 quae
807 2763 946 2852 Antonio
