2020 3618
155 325 157 330 ’
229 325 389 398 -Ηιιτ,
413 329 571 398 birra
595 328 650 397 II.
715 351 783 423 ¹39

103 464 336 520 comannorum
352 467 416 528 quae
433 445 621 508 Maroboduo
639 447 711 508 duce
731 468 781 508 ex·

49 590 54 598 ,
102 530 159 588 cira'
175 525 288 588 sedibus
305 525 359 587 suis
376 573 386 600 ‚
403 545 487 609 atque
507 531 536 587 iu
554 530 689 588 interiora
706 529 752 588 res
768 561 782 578 ο

14 666 18 676 ,
102 609 206 703 giem,
221 606 359 667 includor
377 608 535 688 Hercyniae
553 607 643 690 sylvae
660 630 784 689 campos

7 689 10 694 '
101 687 257 748 incolebat.
273 687 360 748 Nulla
377 687 519 750 festinatio
534 688 618 768 liujus
634 691 689 750 viri
700 711 783 750 men·

17 791 20 798 ·
100 770 215 830 tionem
241 767 397 850 transgredi
421 769 519 830 debet.
547 769 784 843 Maroboduus,

101 869 211 932 genere
230 849 358 922 nobilis,
377 869 501 930 corpore
519 852 702 930 prevalens,
723 854 782 910 ani·

101 951 155 991 mo
178 928 263 990 ferox
283 975 292 1000 ,
312 931 427 990 natione
450 931 539 1011 magis
563 931 649 1011 quim
670 933 783 990 ratione

100 1010 262 1082 barbatus,
279 1030 340 1073 nou
358 1009 592 1082 tumultuarium,
610 1031 704 1091 neque
723 1011 782 1070 sor·

101 1094 229 1164 tultum,
248 1110 343 1171 oeque
364 1091 503 1152 mobilem
524 1093 556 1151 &
575 1111 611 1150 ex
630 1091 784 1152 voluntate

101 1173 266 1253 patentium
278 1169 469 1231 constantem
488 1217 497 1243 ‚
516 1173 589 1230 inter
610 1169 674 1230 suos
695 1193 782 1232 occu.-

103 1254 187 1333 pavit
200 1253 389 1334 principatum
402 1273 411 1326 ;
426 1250 476 1312 sed
488 1269 598 1312 certum
610 1254 782 1333 imperium,

102 1334 225 1413 vimque
241 1335 350 1413 regiam
361 1333 528 1413 complexus
539 1333 637 1392 animo
647 1375 657 1404 ,
668 1333 784 1406 statuit,

104 1412 227 1472 avocati
245 1413 347 1493 procul
365 1433 382 1472 a
398 1413 537 1474 Romanis
555 1431 641 1494 geute
660 1413 724 1487 sul,
744 1415 785 1474 eb

103 1492 265 1576 progredi,
287 1493 335 1552 ubi
346 1536 357 1568 ‚
370 1515 463 1575 ‘quum
482 1511 601 1575 propter
619 1497 782 1574 potentiora

104 1595 183 1633 arma
203 1571 367 1655 refugisset,
384 1576 433 1634 sua
448 1573 555 1634 faceret
573 1576 781 1654 potentissima.

106 1651 266 1734 Occupatis
277 1656 381 1736 igitur,
391 1677 464 1736 quos
478 1654 659 1735 praediximus
670 1697 679 1727 ,
691 1656 763 1716 locis
770 1699 785 1727 ,

104 1733 244 1794 finitimos
268 1755 370 1794 omues
394 1752 442 1794 aut
467 1736 546 1794 bello
573 1735 711 1807 domuit,
734 1753 788 1796 aut

104 1813 321 1876 conditionibus
338 1812 406 1892 'puris
425 1814 466 1873 sui
484 1813 562 1876 fecit.

149 1893 243 1956 CIX.
266 1891 381 1975 Corpus
400 1893 480 1953 suum
496 1893 643 1965 custodib,
654 1910 716 1954 tum
728 1896 785 1954 itu-⁴

105 1977 220 2058 perium
232 1977 377 2056 perpetuis
393 1996 537 2034 armorum
551 1977 691 2036 exercitiis
708 1995 786 2056 pene

106 2057 146 2116 ad
158 2055 297 2116 Romanae
310 2053 463 2137 discipliuae
478 2054 601 2116 sormam
617 2055 761 2116 redadlum
771 2101 786 2128 ,

105 2135 191 2197 brevi
212 2139 241 2195 in
262 2139 391 2196 eminens
415 2139 446 2197 δι
469 2135 567 2198 uoslro
589 2158 705 2218 quoque
728 2139 786 2196 im-

9 2267 12 2272 .
107 2219 192 2298 perio
215 2219 377 2276 timendum
396 2218 528 2296 perduxit
547 2215 686 2297 fastigium
704 2239 713 2288 ;
733 2238 785 2298 ge-

41 2312 45 2320 '
107 2296 247 2376 rebarque
259 2296 287 2356 se
301 2299 341 2357 ita
353 2297 490 2356 adversbs
502 2297 671 2367 Romanos,
686 2313 716 2353 ut
735 2318 786 2356 ue-

107 2397 166 2458 que
185 2377 264 2439 bello
285 2399 339 2436 nos
359 2375 526 2451 lacesseret,
545 2379 576 2438 ἃ
596 2378 620 2435 si
638 2375 785 2436 laceliere·

108 2474 175 2527 tur,
189 2456 328 2536 superesse
346 2459 401 2526 cibi
419 2461 479 2516 vim
494 2479 527 2517 ac
540 2455 722 2526 ‚voluntatem
739 2478 789 2516 re·

108 2535 225 2597 sistendi
246 2538 410 2598 declararet.
427 2539 546 2619 Legati,
564 2558 636 2618 quos
655 2538 786 2599 mittebat

45 2627 51 2636 “
109 2618 146 2677 ad
165 2614 289 2677 Caesares
300 2663 313 2696 ,Ι
323 2619 467 2679 interdum
482 2638 513 2678 ut
529 2617 685 2699 supplicem
704 2639 786 2680 com·

108 2698 303 2769 meudabant,
321 2701 463 2760 interdum
485 2717 585 2792 ut'pro
604 2701 664 2780 pari
685 2699 786 2778 loque·

109 2779 223 2842 bantur.
247 2777 391 2842 Gentibus
415 2779 634 2863 hominibusque
660 2801 678 2840 a
700 2780 789 2840 uobis
813 2843 816 2850 ,
