2020 3618
6 2037 9 2044 ·
98 2009 164 2074 sum
184 2031 272 2072 etram
294 2013 324 2071 in
345 2033 448 2084 arma,
467 2009 633 2092 ,ferrumque

251 279 655 368 Hisnlrnaarn.
715 259 781 382 159¹
821 291 825 304 '

6 465 7 470 χ
100 391 373 480 ωευςῑςαῃάἰᾶατῐε
391 396 528 472 cesaris,
546 401 676 482 proxim&
692 423 709 461 a
726 423 782 463 no·

100 481 249 544 bilissimis
267 501 302 539 ac
322 477 516 540 sacerdotibus
536 483 630 554 viris,
650 480 782 544 destinari

99 561 274 644 praetoribus
295 561 415 643 contigit
435 581 445 635 ;
469 559 656 635 consecutis,
676 580 708 622 ut
727 577 783 623 ne-⁴

100 663 160 725 que
177 639 242 723 post
256 662 310 702 nos
325 662 499 724 quemquam
509 639 605 703 Divus
617 641 780 726 Augustus,

99 742 197 864 peque
218 740 284 784 aute
303 743 357 784 nos
376 717 471 784 caesar
490 724 709 787 commendaret
728 721 781 789 Ti·

122 824 208 864 erius.

39 941 46 948 ,
108 875 111 882 ’
144 879 288 946 CXXV.
297 877 384 960 ,Tulit
399 883 529 963 protinus
543 885 653 946 voti&
668 879 782 951 consilii¹

100 963 144 1030 sui
162 967 287 1047 pretium
304 961 463 1045 respublica
477 984 486 1036 ;
499 983 593 1046 neque
612 964 661 1040 diu
678 965 782 1040 latuit,

99 1062 152 1108 aut
175 1045 245 1126 quid
269 1065 330 1106 non
357 1043 540 1128 impetrando
562 1041 664 1125 paliuri
685 1043 781 1107 fuine·

98 1147 187 1198 mus,
199 1144 248 1186 aut
265 1124 336 1208 quid
353 1125 535 1208 impetrando
573 1123 783 1189 rofeciffemus.

99 1203 226 1288 Quippe
247 1206 411 1278 exercitus,
429 1207 477 1289 qui
499 1207 529 1264 in
579 1209 704 1266 ermania
725 1209 782 1268 mi·

98 1285 225 1358 litabar,
247 1283 448 1369 praesentisque
470 1283 636 1348 Germanici
657 1287 783 1369 imperio

97 1367 255 1450 regebatur
273 1410 286 1442 ,
306 1367 450 1448 simulque
478 1367 505 1428 le
526 1372 639 1444 iones,
662 1389 726 1450 quae
750 1371 782 1429 in

98 1445 222 1530 Illyrico
242 1465 341 1524 erant,
352 1449 431 1509 rabie
448 1387 572 1530 quiam
588 1449 620 1512 δι
636 1447 781 1530 profundi

97 1527 299 1591 confundendi
329 1531 428 1593 omnia
455 1529 641 1610 cupiditate,
667 1550 781 1592 novum

98 1609 206 1672 ducem
227 1654 240 1682 ,
256 1630 369 1672 novum
387 1607 491 1670 statum
506 1653 516 1684 ‚
536 1631 643 1672 novam
668 1632 781 1693 quaere·

97 1691 172 1752 bant
188 1711 250 1751 rem
291 1691 406 1752 blicam.
426 1689 511 1768 Quin
533 1693 620 1750 etiam
637 1693 697 1749 ausi
718 1689 782 1752 sunt

98 1772 204 1834 minari
216 1814 227 1844 ,
241 1813 242 1816 ,
257 1787 359 1846 ,amros
375 1767 503 1839 senatui,
522 1769 638 1830 daturos
658 1771 781 1854 principi

98 1851 182 1934 leges
202 1871 212 1925 ς
236 1849 357 1910 modum
380 1848 539 1931 stipendii,
562 1849 651 1910 finem
672 1851 782 1914 militiae

99 1935 156 1994 sibi
175 1931 232 2026 ipsi
252 1929 425 1992 constituere
443 1934 538 1992 conati
560 1930 623 1990 sunt
641 1931 782 2071 :proces-

680 2011 781 2076 nillum

99 2092 170 2172 estc
190 2094 221 2156 δι
237 2113 316 2175 pene
338 2094 367 2153 in
386 2092 519 2154 ultimum
536 2091 697 2176 gladiorum
717 2113 781 2156 eru-

97 2177 143 2258 pit
161 2177 314 2256 impunitas
323 2195 336 2252 3
350 2175 500 2257 defuitque
517 2177 568 2256 qui
585 2192 686 2239 contra
703 2195 781 2235 rem·

121 2256 248 2318 rubeam
269 2255 415 2326 duceret,
436 2276 496 2330 non
515 2257 566 2335 qui
585 2252 779 2335 sequerentur.

97 2278 161 2404 geri
182 2335 242 2396 haec
265 2336 364 2396 omnia
384 2336 492 2395 veteris
514 2335 696 2416 imperatoris
718 2355 781 2406 mag·

99 2419 217 2491 tuntas,
231 2415 320 2478 multa
337 2415 509 2492 inhibentis,
524 2416 620 2496 aliqua
636 2435 702 2476 cum
718 2435 781 2498 grav

99 2501 191 2561 vitate
207 2498 387 2578 pollicentis,
402 2497 477 2559 inter
492 2495 621 2558 severam
633 2496 779 2578 praecipub

99 2575 265 2640 nostrorum
283 2579 448 2652 ultionem,
465 2577 543 2638 mitis
557 2575 682 2636 aliorum
699 2575 780 2638 casti-

99 2661 180 2743 gatio
191 2703 201 2734 ,
214 2657 297 2720 brevi
308 2657 392 2742 sopiit
401 2681 434 2722 ac
446 2655 563 2720 sustulit.
575 2653 647 2736 Quo
660 2657 778 2739 quidem

99 2755 234 2824 tempore
251 2784 262 2814 ,
281 2755 314 2802 ut
335 2741 473 2824 pleraque
495 2737 600 2822 ignave
622 2735 778 2814 Germania
