2014 3620
250 345 300 416 70
374 322 419 391 Cr
436 321 571 388 Vrrr.
597 320 797 390 Parare.

274 461 339 500 uam
357 461 374 500 a
392 438 515 510 Paullo,
531 457 567 497 ex
585 437 726 512 manubiis
745 436 847 499 intulit.
864 437 930 502 Ab·

251 461 331 582 sente
346 518 402 581 Cn.
417 519 577 601 Pompeio,
590 515 629 577 T.
643 517 768 600 Ampius
779 519 812 580 δι
822 518 861 582 Τ.
875 519 929 582 La·

250 602 353 663 bienus
373 600 477 660 tribuni
496 598 588 680 plebis
608 598 704 681 legem
720 599 871 674 tulerunt,
895 619 929 664 ut

250 684 281 744 is
291 682 364 742 ludis
380 678 563 742 Circensibus
575 680 684 740 carons
694 681 779 740 aureb
790 725 800 756 ,
813 681 846 742 &
860 703 929 744 orn·

250 767 281 822 ni
296 763 374 822 cultu
390 764 475 824 trium
497 761 626 820 bantium
644 777 793 834 uteretur,
809 759 928 825 scenicis

250 861 347 904 autem
364 783 499 924 praerextb
516 841 681 924 coronaque
698 842 803 903 laurei.
822 841 857 903 ld
877 843 927 906 itte

250 945 311 1001 non
325 923 389 1006 plus
400 924 486 1007 quim
498 921 587 984 semel
599 921 652 1001 (δι
661 923 717 982 hoc
728 922 793 983 sans
804 924 927 987 nimium

249 1003 329 1088 suit)
348 1003 481 1086 usurpare
502 1002 636 1065 sustinuit.
657 1001 752 1083 Hujus
769 1005 825 1065 viri
845 1002 928 1066 fasti·

251 1087 330 1168 giurn
348 1091 432 1146 tantis
456 1083 580 1145 ausiibus
601 1083 717 1154 fortuna
739 1085 842 1144 extulit
861 1129 873 1158 ,
893 1103 927 1148 ut

250 1165 706 1386 sssiisst‘isifiissrfir‘ffffl
721 1184 763 1308 ἓῖ
769 1163 925 1329 iiiii:

694 1290 704 1319 ,
911 1283 926 1297 .

249 1345 294 1388 tes
315 1343 452 1388 terrarum
475 1327 553 1387 orbis
585 1343 654 1400 unt,
673 1326 795 1387 totidem
815 1325 926 1392 faceret
999 1385 1000 1388 ,

249 1424 436 1468 monumenta
450 1406 577 1468 visioniae
588 1407 653 1468 suae.
666 1405 836 1490 Numquam
851 1413 926 1470 emi·

249 1491 347 1549 nentia
359 1487 469 1550 invidiis
487 1505 591 1549 carent.
606 1487 706 1578 ltaque
719 1491 752 1551 ὃ(
766 1487 926 1565 Lucullus,

247 1589 362 1630 memor
377 1585 475 1630 tamen
486 1585 611 1650 acceptae
629 1570 758 1649 injuriae,
771 1571 804 1630 δι
816 1569 927 1633 Metel·

248 1650 292 1711 lus
303 1648 453 1726 Creticus,
467 1671 528 1710 non
538 1647 640 1710 in‘ustb
657 1669 781 1732 querens
791 1647 928 1735 (quippe

247 1747 448 1792 ornamentum
460 1672 596 1813 triumpbi
612 1728 673 1810 ejus
690 1733 820 1811 captivos
833 1733 925 1794 duces

248 1809 403 1895 Pompeius
431 1809 629 1894 subduxerat)
649 1811 681 1873 δι
703 1831 770 1872 cum
794 1814 829 1872 iis
856 1833 924 1896 pars

247 1896 428 1975 optimatium
443 1892 655 1976 refragabatur,
671 1911 708 1954 ne
725 1909 775 1954 aur
787 1895 925 1974 promissa

247 1975 411 2046 civitatibus
432 1995 448 2032 a
470 1973 639 2056 Pompeio,
660 1991 709 2033 aut
735 1973 924 2038 benemeritis

247 2057 386 2136 praemia,
401 2053 438 2113 ad
454 2053 601 2114 arbitrium
619 2051 701 2134 ejus,
719 2054 924 2138 persolveren-

246 2149 303 2194 tur.

287 2212 368 2276 XLI.
389 2211 508 2274 Secutus
524 2213 628 2276 deinde
649 2213 690 2276 est
707 2213 871 2279 consulatus
883 2215 922 2281 C,

247 2293 386 2371 Caesaris,
405 2295 453 2378 qui
473 2293 605 2356 scribenti
623 2317 738 2356 manum
755 2295 869 2377 injicis,
888 2301 923 2364 &

195 2389 196 2392 ’
246 2377 404 2456 quamlibet
421 2374 600 2438 festinantem
617 2379 647 2437 in
665 2375 693 2437 se
708 2380 814 2438 morari
831 2401 868 2440 co
890 2384 923 2445 it.

225 2492 230 2499 -
246 2455 302 2516 Hic
320 2457 498 2517 nobilissimi
513 2455 654 2519 Iuliorum
669 2462 780 2539 genitus
796 2401 923 2538 semiss,

244 2539 278 2598 &
297 2538 377 2618 quod
393 2539 467 2598 inter
484 2559 587 2599 omnes
610 2541 819 2621 antiquissimos
844 2564 923 2604 con-

243 2615 362 2692 stabat,
383 2618 419 2677 ab
437 2617 563 2680 Anchise
583 2640 616 2680 ac
630 2617 747 2680 Venere
770 2621 923 2686 deducens

207 2727 209 2732 ·
244 2715 359 2778 genus,
376 2697 469 2760 sonna
490 2701 621 2761 omnium
641 2701 747 2760 civium
769 2704 924 2765 excellen-

191 2809 193 2814 ·
244 2780 368 2841 tissimus
381 2824 391 2856 ,
404 2781 507 2864 vigore
526 2783 613 2843 animi
631 2783 805 2859 acerrimus,
822 2788 924 2848 muni-
