2020 3618
236 325 308 405 ¹30
356 299 391 377 C.
421 309 554 375 Vm.
579 305 784 374 PArunc.

234 423 390 509 sumpsisset
398 423 456 506 jam
470 424 583 484 virilem
593 439 625 482 to
660 441 691 482 m
701 466 710 492 ,
722 421 831 482 Lucius
843 423 922 485 item

177 547 179 554 ,
233 527 361 569 maturus
377 504 553 576 efferentis,
571 524 608 563 ne
654 503 717 584 sgor
730 501 795 562 suus
815 505 919 564 orien-

230 593 303 652 tium
320 588 459 669 juvenum
476 583 602 645 obstaret
616 585 723 655 initiis,
737 584 920 644 dissimulati

232 670 319 732 causi
336 667 447 728 consilii
463 663 526 740 sui,
543 681 738 725 commeatum
756 664 793 724 ab
811 663 917 726 socero

230 768 318 832 utque
341 747 449 809 eodem
466 747 571 808 vitrico
589 743 786 827 acquiescendi
807 766 824 804 a
842 767 918 806 con·

228 832 388 891 tinuatione
410 828 541 889 laborum
561 829 653 908 petiit.
672 823 750 904 Quis
767 823 856 885 suerit
875 846 921 889 eo

227 925 364 994 ternpore
381 909 501 971 civitatis
518 909 649 979 babitus,
665 909 715 989 qui
732 906 919 988 singulorum
940 917 943 924 '

229 995 343 1067 animi,
368 1003 433 1072 quee
448 989 675 1072 digredientium
700 1008 718 1047 a
737 1003 821 1048 tanto
843 991 917 1049 viro

230 1076 362 1134 omnium
381 1073 517 1152 lacrymae
534 1116 544 1146 ‚
562 1068 648 1150 qubm
667 1087 743 1148 pene
768 1070 795 1127 ei
819 1071 919 1148 patria

230 1175 349 1215 manum
371 1151 501 1233 injecerit
513 1197 526 1232 „
545 1149 621 1229 justo
642 1147 789 1209 servemus
815 1152 920 1230 operi.

230 1231 306 1296 Illud
318 1236 403 1294 etiam
414 1235 444 1293 in
455 1233 511 1294 hoc
523 1228 677 1291 transcursu
689 1228 845 1289 dicendum
858 1229 922 1306 est,

229 1317 270 1376 ita
280 1314 389 1396 septem
402 1335 492 1374 annos
503 1312 601 1374 Rhodi
612 1327 780 1382 morarum,
797 1325 829 1369 ut
841 1331 916 1371 om-

230 1415 301 1464 nes,
319 1397 368 1477 qui
383 1415 438 1476 pro
452 1392 765 1478 consulibuglegarique
777 1391 807 1450 in
822 1389 921 1452 trans·

232 1473 494 1614 man‘nasdproseffi
513 1475 696 1557 provinciae,
713 1469 825 1534 visendi
847 1470 919 1553 ejus

232 1557 360 1640 gratiae
402 1576 469 1615 eum
490 1555 698 1615 convenientes
719 1550 832 1633 semper
873 1555 916 1612 ri-

229 1655 299 1699 vato
313 1635 355 1720 [si
365 1635 412 1696 illa
423 1633 553 1716 majestas
563 1637 674 1717 privata
684 1653 822 1714 umquam
834 1573 915 1718 {git}

225 1718 319 1783 ‘fasces
344 1717 408 1778 suos
431 1714 652 1789 summiserint,
677 1713 803 1854 smulque
825 1732 915 1790 emt,

231 1799 872 1958 ⁰¹¹3?§biststtss'stusstigun
894 1897 914 1936 ι

230 1960 364 2022 custodia
386 1959 536 2022 Neronem
561 1957 650 2019 Urbis
670 1981 677 2020 ς
695 1975 767 2016 nam·
784 1957 816 2017 δι
841 1955 918 2016 Par-

227 2042 318 2114 thus,
333 2038 489 2104 desciscens
505 2061 521 2098 a
536 2037 668 2099 societate
688 2036 841 2106 Romana,
858 2037 914 2098 ad·

229 2118 299 2202 jecit
323 2119 468 2180 Armeniae
494 2139 611 2179 manum
632 2141 642 2194 ;
667 2120 699 2181 δι
726 2115 885 2180 Germania
900 2164 918 2194 ‚.

227 2201 335 2263 auersis
362 2200 513 2262 domitoris
538 2200 579 2261 sui
604 2199 721 2270 oculis,
743 2197 916 2261 rebellavit.

227 2281 271 2344 At
289 2284 318 2343 in
335 2281 437 2355 Urbe,
452 2301 494 2342 eo·
508 2280 570 2363 ipso
582 2301 677 2351 anno,
689 2299 754 2359 quo
773 2278 918 2362 magnifi-

227 2365 382 2424 centissimi
400 2363 558 2445 gladiatorii
574 2361 700 2422 muneris
713 2361 914 2422 naumachia·

163 2500 165 2504 .
227 2465 284 2527 que
301 2441 484 2523 speciminis,
501 2443 542 2504 D.
558 2441 605 2502 Au
646 2439 842 2514 stus‚abhinc
857 2463 914 2501 an»

225 2545 284 2585 uos,
298 2525 431 2606 triginta,
453 2522 483 2584 se
500 2527 532 2584 &
552 2521 609 2583 Ga}
620 2544 639 2582 o
656 2520 781 2583 Caninio
801 2521 917 2585 constr·

225 2604 329 2677 libus„
348 2605 481 2664 dedicato
503 2604 605 2663 Martis
630 2601 764 2683 templo,
788 2605 917 2665 animos

226 2683 384 2766 oculosque
400 2686 499 2766 populi
515 2685 639 2746 Romani
655 2683 840 2763 repleverat,
853 2683 927 2745 ξαν

225 2766 266 2828 se
278 2764 377 2842 mciii,
389 2765 588 2847 memoriaque
606 2763 754 2826 horrende
763 2765 797 2824 in
812 2767 916 2846 ipsius
