2014 3620
227 263 274 364 oo
352 288 389 361 C.
417 291 550 361 Vrrz.
576 287 773 360 Prinne.

226 429 296 470 num
317 407 470 488 AEsemia,
491 405 612 490 postque
632 409 734 492 viginti
758 405 833 470 duos
856 390 914 470 ani

227 511 282 551 nos
297 489 427 567 AEsulum
441 491 473 550 ὅ(
484 489 619 562 Alsium3
640 489 820 628 Fregellaepue
838 487 911 572 post

226 569 376 630 biennium
388 591 397 642 ;
420 571 612 651 proximoque
633 589 731 640 anno,
780 589 911 652 orquato

225 648 459 731 Sempronioque
478 647 545 709 coss'.
564 649 761 719 Bmudisium,
786 652 818 712 ὃ(
862 649 912 712 ost

225 732 417 790 trienniumS
435 731 567 802 clerium3
583 750 642 811 quo
659 751 735 790 anno
749 672 910 792 Floralium

225 809 362 870 ludorum
376 809 403 869 fa
430 831 478 870 um
492 809 532 871 est
544 812 675 872 initium:
710 809 811 885 ostque
822 811 911 872 bien·

223 894 309 950 nium
329 890 448 950 deduiia
463 893 612 966 Valentia,
633 894 665 954 ὃ(
680 833 730 952 lib
747 883 910 954 adventum

228 974 260 1031 in
275 971 385 1032 Italiam
401 971 571 1046 Annibalis,
592 973 717 1033 Cremona
736 988 821 1054 atque
840 975 911 1035 Pla·

229 1071 331 1114 eentra.
777 1110 779 1115 .

271 1133 344 1194 XV.
365 1133 507 1208 Deinde,
527 1153 622 1216 neque
640 1132 709 1193 dum
727 1131 855 1194 Annibal
877 1135 909 1194 in

194 1267 197 1272 .
228 1213 311 1274 italia
327 1231 454 1274 moratur
469 1259 477 1288 ,
494 1217 749 1310 nequeproximis
770 1212 835 1311 post
856 1213 911 1274 err-'-

130 1328 133 1332 ·
224 1293 335 1354 cellum
356 1293 417 1374 ejus
436 1317 538 1369 annis,
559 1297 673 1357 vacavit
692 1295 831 1356 Romanis
856 1315 909 1356 co·

170 1407 172 1412 ·
230 1377 321 1436 ionias
339 1376 488 1449 condere3
509 1396 598 1457 quum
615 1374 682 1436 effer
700 1377 729 1435 in
744 1375 823 1437 bello
839 1397 910 1438 con·

252 1457 386 1517 uirendus
407 1459 503 1537 potius
523 1457 631 1531 miles,
657 1455 742 1538 quim
762 1457 909 1518 dimitten-

231 1477 312 1610 dus,
342 1540 374 1600 &
398 1537 465 1638 post
492 1537 603 1598 bellurn
631 1539 709 1598 vires
738 1535 909 1600 refovenda

212 1672 215 1677 .
231 1620 341 1757 maQ's,
357 1639 443 1700 quam
458 1617 519 1700 spat
540 1618 631 1678 endae.
644 1616 701 1678 Cn.
719 1636 813 1680 autem
828 1619 910 1680 Man·

232 1699 273 1759 lio
317 1698 417 1759 ollone
433 1700 465 1760 &
481 1698 520 1758 Fu
552 1701 585 1772 to
600 1697 753 1759 Nobiliore
770 1697 838 1761 coll.
853 1703 910 1763 Bo·
988 1751 989 1758 ,

231 1782 315 1842 monia
332 1779 451 1840 deducia
469 1779 604 1849 colonia,
625 1779 727 1840 abhinc
747 1801 837 1842 annos
853 1779 910 1840 fer·
988 1821 989 1824 =

226 1882 281 1923 rme
297 1860 436 1920 ducentos
452 1858 657 1941 septemdecim
670 1883 679 1936 ;
693 1863 747 1936 bc,
760 1861 824 1944 post
839 1883 910 1944 qua·

234 1943 419 2013 driennium,
440 1941 585 2020 Pifirurum
601 1963 634 2000 ac
652 1943 805 2018 Potentia;
823 1945 910 2004 inter·

232 2021 366 2104 jeiloque
382 2025 529 2093 triennio,
546 2022 680 2102 Aquileia
698 2025 730 2084 ὃ(
748 2023 908 2104 Grauisca3

234 2105 267 2164 ἃ
286 2101 350 2182 post
367 2102 584 2183 quadriennium
600 2105 687 2164 Luca.
708 2103 823 2165 Eodem
839 2122 910 2165 tem·

233 2203 338 2266 porum
356 2182 468 2256 tradu,
485 2204 658 2266 quamquam
677 2185 753 2266 apud
771 2184 909 2268 quosdam

233 2265 410 2346 ambigitur,
433 2265 565 2325 Puteolos
583 2266 783 2349 Salernumque
802 2265 835 2326 &
852 2269 911 2328 Bu·

234 2365 345 2406 xentum
365 2347 443 2406 missi
461 2345 568 2406 coloni.
591 2347 743 2407 Auximum
761 2363 857 2406 autem
880 2349 909 2406 in

234 2425 397 2497 Picenum,
427 2426 529 2486 abhinc
559 2447 648 2487 annos
676 2425 768 2485 ferme
796 2443 910 2486 centum

236 2505 383 2587 ollogima
399 2504 530 2588 septem,
548 2524 613 2568 ante
631 2508 807 2578 triennium,
825 2504 909 2588 quim

227 2585 354 2646 Cassius
374 2586 497 2657 censor,
519 2608 535 2646 a
553 2587 702 2666 Lupercali
724 2588 753 2644 in
772 2585 910 2650 Palatium

227 2665 357 2738 ¹versus,
378 2666 521 2730 theatrum
539 2664 634 2725 facere
653 2665 796 2726 instituit:
818 2669 862 2726 cui
881 2671 910 2729 in

237 2746 424 2806 demoliendo
449 2747 552 2806 eximia
575 2747 697 2806 civitatis
719 2743 853 2807 severitas
878 2751 910 2814 δι

237 2826 337 2890 consul
355 2825 453 2910 Scipio
478 2823 608 2890 restitere
624 2847 635 2888 r
651 2827 731 2912 quod
759 2847 816 2911 ego
838 2829 910 2889 inter
