2020 3618
250 273 386 374 Hm.
413 277 565 344 [ιω
590 275 643 344 ΙΙ.
734 291 779 372 99

44 370 46 381 ἁ
105 394 211 478 Lepidi
227 377 380 476 Plancique
399 391 487 454 secuti
502 411 599 466 erant,
612 395 686 454 inter
702 395 782 456 exse·

107 479 265 538 crationem
283 477 411 546 civium,
428 473 598 556 usurpabant
618 474 694 535 hunc
713 497 782 538 ver·

107 557 193 652 sum:
212 561 260 619 De
280 557 422 618 Gemanis
431 597 444 627 ,
454 562 518 616 'non
536 559 569 616 de
591 556 711 629 Gallis,
726 559 781 618 duo

107 635 593 799 mbmbhbfflitliinbibbs·preteritum
614 715 683 778 loco
704 715 782 778 reses

104 793 183 879 natur
198 819 208 873 3
225 819 262 860 ne
284 817 321 858 ue
336 799 415 858 enim
430 796 551 878 persona
564 799 696 860 umbram
711 797 780 859 auae

104 883 147 942 rei
165 881 250 962 capit.
304 899 352 938 um
370 880 400 937 in
418 879 478 938 acie
496 877 649 938 Pharsalica
665 877 781 940 Africa·

110 965 163 1022 'ue
180 960 217 1020 de
235 959 344 1020 summa
358 978 453 1018 rerum
468 955 563 1020 Caesar
579 959 714 1032 dimicat,
732 959 780 1024 Μ.

105 983 234 1114 ἓοεΙΞιιε,
245 1042 292 1103 vir
308 1040 427 1122 eloquio
441 1041 594 1123 animoque
606 1035 728 1100 Curioni
743 1043 781 1100 si-

103 1122 261 1196 millimus,
280 1119 330 1181 sed
346 1123 376 1180 in
392 1138 515 1203 utroque
531 1119 709 1203 perfestior,
725 1141 780 1182 nec

104 1203 200 1266 minus
214 1202 363 1344 ingenio&
381 1221 529 1283 nequam,
548 1222 638 1364 {uum
658 1222 695 1263 ne
714 1222 781 1263 mo·

105 1283 174 1344 'dico
187 1284 236 1366 qui
258 1303 305 1342 em
321 1279 425 1344 servari
441 1280 534 1363 poffet
572 1284 641 1366 quip
663 1303 679 1344 e
695 1279 780 1364 pejor

104 1363 146 1444 illi
159 1385 206 1424 res
217 1362 361 1424 familiaris
377 1361 462 1504 ussubm
476 1383 557 1424 mens
573 1305 694 1446 eratfin
706 1385 780 1444 prae·

103 1461 170 1523 ¹tura
190 1465 330 1505 novarum
354 1461 382 1504 ta
402 1445 513 1504 ularum
535 1444 632 1508 aubior
649 1442 755 1506 exstitit
768 1454 790 1520 ς’

104 1526 273 1608 nequiitque
288 1523 397 1586 senatus
409 1525 441 1587 &
452 1523 618 1586 auuoritate
630 1523 780 1586 consulum

104 1605 268 1678 deterreri,
290 1609 383 1671 accito
410 1607 496 1666 etiam
517 1605 632 1668 Milone
653 1605 753 1666 Annio
766 1619 780 1682 ',

104 1689 154 1768 qui
170 1708 230 1748 non
247 1689 401 1767 impetrato
417 1687 509 1746 reditu
521 1684 636 1746 Iulianis
651 1685 779 1768 partibus

103 1766 221 1842 infestus
238 1784 298 1826 erat
314 1811 324 1840 ,
340 1769 369 1825 in
388 1765 469 1826 Urbe
487 1765 682 1841 seditionem,
701 1765 779 1828 haud

104 1847 319 1932 magis'occultb
328 1845 466 1908 bellicum
475 1847 627 1907 tumultum
636 1867 778 1923 movens,

101 1929 200 2018 primb
219 1927 376 1990 summotus
395 1947 412 1986 a
430 1925 595 2006 republica,
615 1947 685 1989 mox
704 1949 780 1988 con-

104 2009 244 2070 sulatibus
261 2011 346 2070 armis
362 2005 477 2069 ambiere
493 2002 590 2070 senatu
606 2011 681 2078 circa
695 2007 779 2071 Thu·

101 2094 162 2151 ‘rios
174 2113 192 2150 o
235 2088 320 2152 nessus
337 2087 387 2150 est.
400 2088 520 2172 Incepto
532 2091 594 2173 pari
607 2091 708 2152 similis
720 2089 779 2152 for·

102 2188 171 2232 tuna
224 2169 404 2246 'lonis-fuit3
442 2173 471 2230 ui
484 2169 561 2232 Com
583 2170 641 2231 sam
662 2173 691 2232 in
709 2171 777 2231 Hir·

125 2253 177 2312 inis
198 2271 398 2334 oppugnans,
420 2253 429 2309 i
458 2250 544 2332 usque
563 2193 660 2332 bpide
680 2295 690 2324 ‚
713 2267 776 2312 tum

102 2273 134 2394 B.
155 2328 283 2407 Clodio,
301 2349 363 2396 tum
401 2333 500 2404 atriae,
517 2351 602 2413 quam
621 2333 705 2392 armis
746 2353 780 2392 e·

101 2412 203 2484 tebet,
221 2435 320 2495 poenas
335 2353 436 2487 debu
450 2413 496 2471 vir
511 2413 644 2493 inquies,
660 2413 692 2474 &
703 2353 777 2474 ubre

101 2493 210 2556 sortem
233 2494 410 2556 temerarius.
430 2491 583 2573 Quatenus
607 2511 701 2554 autem
724 2493 777 2553 ali·

122 2573 173 2634 uid
192 2593 228 2634 ex
244 2576 357 2634 omissis
375 2590 466 2655 peto,
484 2589 600 2634 notetur
618 2573 776 2636 immodici

101 2597 134 2718 21
146 2653 349 2736 intempestiva
362 2656 490 2716 libertate
503 2651 568 2716 usos
584 2655 719 2715 adversius
736 2653 773 2716 C.

89 2735 245 2808 ,Caesvem
255 2735 411 2801 Marullum
418 2735 555 2824 Epidium
565 2781 574 2812 ,
586 2735 775 2876 Fkuiumque

651 2836 670 2895 ι1
