2014 3620
243 280 294 356 ¹40
368 265 403 336 C.
431 268 564 334 Vara.
590 263 791 338 Pnrunc.

243 403 330 450 ,tuens
346 381 584 446 circumstantium
603 385 844 466 moerentiumque
862 381 926 448 ἕπει·

245 467 410 548 quendam,
432 461 532 524 effudit
551 485 659 526 vocem
680 467 925 527 convenientissi-

244 567 323 608 mam
339 544 517 606 conscientiae
533 541 589 606 suae
603 549 794 626 alioquando,
808 545 923 629 inquit,

242 629 390 708 propinqui
406 627 559 705 amicique,
577 627 692 686 similem
709 629 759 687 mei
774 631 860 688 civem
871 631 925 698 ha:

150 710 153 724 '
246 709 317 766 bebir
334 705 479 788 respublica
497 709 514 766 ?
530 705 615 767 Hunc
640 705 730 768 finem
747 708 923 768 clarissimus

245 785 359 869 juvenis
378 787 447 850 vitre
465 785 564 848 habuit
580 807 590 860 ;
606 785 687 868 cujus
703 809 818 851 momm
836 791 923 850 mini-

245 867 293 952 me
313 869 461 928 omittatur
478 885 685 950 argumentum.
703 867 806 947 Quum
829 869 923 938 aedifi·

243 949 462 1024 caretdomum
478 951 508 1008 in
525 948 633 1010 Palatio
654 952 684 1008 in
703 969 739 1010 eo
758 951 849 1022 loco,
871 949 921 1010 ubi

206 1049 209 1056 ’
244 1028 309 1102 est,
326 1049 390 1112 quae
405 1029 549 1110 quondam
567 1028 740 1102 Ciceronis,
752 1027 922 1098 mowaen·

246 1109 419 1190 soriniluh,
436 1131 509 1170 nunc
526 1107 627 1170 Statilii
639 1107 761 1169 Sisennae
778 1109 839 1184 est,
854 1133 922 1190 pro-

245 1193 427 1272 mitteretque
443 1194 469 1250 ei
484 1189 650 1250 architelius
660 1235 669 1261 ,
680 1193 718 1249 ita
731 1189 759 1250 se
773 1211 837 1250 eam
850 1191 921 1250 aedi-

244 1270 414 1343 ficaturum,
426 1288 458 1330 ut
468 1270 563 1329 'libera
573 1291 589 1329 a
601 1269 772 1352 conspeelu,
783 1273 920 1330 immunis

242 1349 427 1412 ahomnibus
442 1351 553 1410 arbitris
569 1350 654 1426 ellet,
665 1372 759 1432 neque
771 1350 920 1432 quisquam

244 1433 275 1490 in
287 1451 351 1491 eam
366 1429 512 1512 despicere
529 1429 641 1510 pollere
657 1435 697 1492 Tu
709 1433 789 1503 veri,
807 1435 899 1514 inquit
907 1475 920 1504 ,

244 1514 270 1572 si
283 1515 351 1592 quid
364 1515 394 1572 in
411 1513 519 1572 reatris
536 1514 570 1593 est
577 1557 589 1583 ,
607 1515 648 1572 ita
667 1534 794 1592 compone
812 1515 920 1574 domum

242 1615 352 1661 meam,
376 1611 432 1660 ut,
457 1593 590 1672 quidquid
608 1614 688 1674 agam
705 1637 718 1665 ,
735 1596 771 1652 ab
797 1596 920 1654 omnibus

239 1673 308 1755 pers
317 1675 355 1732 ici
391 1673 468 1734 ossio,
825 1741 829 1746 ,

319 1753 359 1814 V.
367 1695 405 1813 ln
421 1751 531 1835 legibus
547 1751 671 1819 Gracchi
681 1754 761 1817 inter
777 1755 919 1834 pernicio-

245 1837 356 1912 sissime
369 1836 603 1908 numeraverim,
620 1834 700 1916 quod
717 1851 797 1894 extra
805 1834 919 1895 ltaliam

150 1978 153 1982 .
244 1917 371 1978 colonias
387 1913 488 1998 posuit.
510 1912 543 1974 ld
563 1913 687 1991 majores
706 1913 816 1996 [quum
834 1917 919 1976 vide-

242 2014 306 2059 rent
314 1998 391 2056 tanti>
404 1996 597 2074 potentiorem
604 1994 690 2075 Tyro
701 1995 919 2076 Carthaginem,

243 2076 402 2135 Massiliam
421 2073 561 2146 Phocaet,
582 2073 737 2154 Syracusas
752 2075 916 2148 Corintho,

243 2153 387 2234 Cyzicum
414 2175 447 2214 ac
473 2153 645 2234 Byzantium
668 2155 775 2231 Mileto
803 2158 919 2238 genitali

243 2233 327 2318 solo]
345 2236 496 2318 diligenter
512 2239 693 2311 vitaverant,
712 2255 743 2296 ut
760 2238 840 2298 cives
856 2237 920 2298 Ro-

243 2339 344 2382 manos
360 2317 397 2378 ad
412 2313 584 2378 censendum
598 2338 633 2378 ex
648 2319 806 2398 provinciis
820 2320 850 2376 in
862 2317 920 2378 lta·

242 2399 312 2457 liam
327 2400 538 2458 revocaverint.
554 2397 651 2466 Prima¹
662 2414 757 2458 autem
772 2415 852 2458 extra
865 2398 921 2458 lta·
958 2409 965 2430 ⁸

242 2478 311 2536 liam
330 2478 446 2538 colonia
464 2476 607 2559 Carthago
627 2478 742 2538 condita
758 2477 808 2538 est.
832 2479 919 2540 Mors

241 2557 332 2617 Drusi
352 2555 409 2634 jam
427 2557 538 2637 pridem
558 2557 719 2617 tumescens
738 2559 848 2630 bellurn
869 2581 919 2620 ex-

242 2639 340 2696 citavit
352 2636 479 2697 Italicum
489 2659 496 2696 ε
508 2639 614 2718 quippe
624 2638 657 2701 L.
669 2637 781 2708 Caesare
792 2684 801 2714 ‚
811 2639 842 2698 P.
855 2639 921 2701 Ru-

240 2717 303 2780 tilio
323 2716 389 2780 coll.
410 2719 515 2804 ahhiuc
538 2739 628 2782 amos
654 2736 769 2782 centum
793 2722 920 2804 viginti,
