2014 3620
233 287 276 362 18
361 287 397 363 G„
426 288 558 358 Vm.
585 284 786 360 Parrnc.

228 408 348 482 rintho,
368 427 457 490 quum
473 407 665 470 maximorum
681 405 824 468 artificum
841 401 914 490 per}

228 489 315 552 ferias
332 488 463 550 manibus
481 487 590 548 tabulas
610 509 642 548 ac
659 487 784 562 statuas,
804 491 834 548 in
852 489 913 550 Ita⁴

229 572 298 632 liam
320 569 476 652 portandas
502 569 638 642 locaret,
659 566 771 648 juberet
791 570 914 654 praedici

228 649 479 722 conducentibus,
505 651 533 709 si
554 669 601 710 eas
624 649 831 731 perdidissent,
855 671 914 711 no·

229 752 281 792 vas
301 752 352 792 eos
370 731 543 793 reddituros.
560 728 631 791 Non
647 750 744 792 tamen
764 749 836 813 puto
855 733 915 792 du·

228 811 327 884 bites,
348 811 466 884 Vinici,
487 813 557 894 quin
575 814 666 895 magis
685 833 739 892 pro
760 811 913 894 republica

227 891 339 964 fuerit,
365 911 482 952 manere
509 891 601 953 adhuc
620 893 723 953 rudem
742 891 913 954 Corinthio·

228 993 295 1036 rum
313 971 513 1045 intelletium,
534 972 620 1054 quim
638 977 667 1033 in
684 989 795 1034 tanturn
812 993 846 1034 ea
864 977 914 1034 in-

228 1055 322 1136 telligi
337 1076 347 1130 3
365 1055 477 1136 &quin
492 1053 544 1114 hac
563 1053 715 1135 prudentii
733 1054 781 1114 illa
799 1056 914 1136 imprua

229 1135 328 1196 demin
340 1135 439 1196 decori
452 1133 571 1215 publico
582 1132 668 1196 fuerit
677 1137 911 1198 convenientior.

272 1215 376 1276 XIV.
398 1213 502 1294 Quum
523 1213 631 1275 facilius
655 1213 739 1296 cujus
754 1237 790 1276 ue
815 1218 857 1278 rei
879 1219 912 1277 in

229 1317 319 1356 unum
335 1294 477 1356 contratie
490 1293 600 1376 species
613 1339 622 1368 ,
636 1296 722 1378 quim
734 1237 913 1362 iiuisarern·
940 1334 942 1336 -

230 1377 371 1460 poribus,
392 1376 483 1436 oculis
504 1373 660 1458 animisque
675 1379 832 1450 inhaereat,
853 1377 915 1439 sta·

230 1460 272 1517 tui
299 1459 427 1539 priorem
451 1455 542 1536 hujus*
559 1457 740 1532 voluminis,
767 1457 913 1538 posterio-

230 1559 351 1620 remque
391 1553 505 1611 artem,
527 1559 587 1598 non
606 1539 698 1598 inutili
715 1559 813 1616 rerum
832 1542 915 1601 noti-

231 1619 272 1679 tii
288 1622 317 1678 in
335 1561 440 1678 argum
456 1618 599 1679 contrairi
613 1618 806 1702 distinguere,
823 1636 913 1702 atque

231 1701 298 1760 huic
312 1701 379 1760 loco
391 1697 535 1770 inserere,
549 1721 612 1780 quae
625 1721 744 1782 quoque
754 1716 911 1780 tempore,

230 1781 297 1864 post
321 1781 446 1842 Romam
472 1802 488 1840 a
510 1779 602 1842 Gallis
628 1797 761 1862 capram,
790 1781 914 1844 deducta

232 1866 268 1922 sit
289 1863 405 1924 colonia
422 1859 494 1942 jussu
512 1860 621 1922 senariis
637 1884 644 1922 :
659 1883 725 1922 narn
746 1862 914 1923 militarium

233 1945 267 2010 &
289 1942 381 2004 causae.
401 1943 432 2002 δι
452 1941 580 2002 entiores
600 1945 638 2002 &v
651 1942 774 2022 ipsarum
794 1943 913 2024 praeful-

233 2043 302 2106 gent
320 2024 436 2082 nomina
454 2042 461 2080 r
478 2022 544 2082 huic
564 2024 606 2082 rei
625 2043 678 2102 per
697 2023 776 2083 idern
795 2042 913 2105 tempus

232 2106 364 2166 civitates
386 2119 577 2184 propagatas,
606 2103 777 2186 auciumque
799 2105 912 2164 Roma-

233 2205 304 2244 nurn
322 2205 431 2244 nomen
450 2185 655 2244 communione
671 2181 762 2264 juris,
776 2185 851 2244 haud
869 2187 913 2245 in-

233 2263 406 2348 tempestive
425 2263 581 2325 subtexturi
600 2266 744 2328 videmur.
764 2263 829 2326 Post
847 2264 913 2350 sep·

233 2365 295 2406 tem
310 2367 419 2418 annos,
439 2345 526 2427 quim
540 2345 618 2408 Galli
633 2347 736 2406 urbem
751 2365 912 2428 ceperunt,

234 2429 354 2490 turrium
373 2426 493 2487 dedum
510 2428 623 2487 colonia
643 2426 705 2498 est,
724 2428 757 2488 &
776 2426 841 2508 post
860 2449 913 2488 an-

234 2528 304 2566 num
326 2510 446 2580 Setina,
469 2527 635 2590 novemque
654 2506 808 2587 interjeffls
830 2513 913 2569 annis

235 2591 312 2667 Nepe
321 2609 335 2661 ;
356 2589 480 2664 deinde,
499 2590 672 2669 interpositis
689 2588 851 2650 duobus&
867 2593 914 2650 tri-

234 2671 333 2808 pinta,
355 2673 464 2730 Aricini
485 2671 515 2728 in
537 2671 683 2728 civitatem
700 2670 821 2749 recepti.
846 2669 912 2730 Ab·

256 2751 301 2816 inc
318 2771 407 2813 annos
422 2767 517 2818 autem
531 2765 677 2809 trecentos
692 2751 913 2834 quinquaginta,
