<?xml version="1.0" encoding="UTF-8"?>
<!DOCTYPE html PUBLIC "-//W3C//DTD XHTML 1.0 Transitional//EN"
    "http://www.w3.org/TR/xhtml1/DTD/xhtml1-transitional.dtd">
<html xmlns="http://www.w3.org/1999/xhtml" xml:lang="en" lang="en">
 <head>
  <title>
</title>
<meta http-equiv="Content-Type" content="text/html;charset=utf-8" />
  <meta name='ocr-system' content='tesseract 3.04.00' />
  <meta name='ocr-capabilities' content='ocr_page ocr_carea ocr_par ocr_line ocrx_word'/>
</head>
<body>
  <div class='ocr_page' id='page_1' title='image "./caiivelleiipate00pategoog_0134.png"; bbox 0 0 2020 3618; ppageno 0'>
   <div class='ocr_carea' id='block_1_1' title="bbox 220 295 906 391">
    <p class='ocr_par' dir='ltr' id='par_1_1' title="bbox 220 295 906 391">
     <span class='ocr_line' id='line_1_1' title="bbox 220 295 906 391; baseline -0.016 1"><span class='ocrx_word' id='word_1_1' title='bbox 220 355 226 370; x_wconf 89' lang='lat'><strong>·</strong></span> <span class='ocrx_word' id='word_1_2' title='bbox 268 316 334 391; x_wconf 78' lang='lat'>118</span> <span class='ocrx_word' id='word_1_3' title='bbox 386 313 584 387; x_wconf 50' lang='lat' dir='ltr'>creir.</span> <span class='ocrx_word' id='word_1_4' title='bbox 608 313 810 383; x_wconf 64' lang='lat' dir='ltr'>Pirene.</span> <span class='ocrx_word' id='word_1_5' title='bbox 901 295 906 304; x_wconf 78' lang='grc'>’</span> 
     </span>
    </p>
   </div>
   <div class='ocr_carea' id='block_1_2' title="bbox 177 430 1001 757">
    <p class='ocr_par' dir='ltr' id='par_1_2' title="bbox 177 430 1001 757">
     <span class='ocr_line' id='line_1_2' title="bbox 262 430 943 506; baseline -0.012 -4"><span class='ocrx_word' id='word_1_6' title='bbox 262 437 379 502; x_wconf 85' lang='lat' dir='ltr'>berrimi</span> <span class='ocrx_word' id='word_1_7' title='bbox 405 433 506 506; x_wconf 82' lang='lat' dir='ltr'>fides,</span> <span class='ocrx_word' id='word_1_8' title='bbox 530 449 601 492; x_wconf 82' lang='lat' dir='ltr'>mox</span> <span class='ocrx_word' id='word_1_9' title='bbox 625 431 674 491; x_wconf 91' lang='lat' dir='ltr'>diu</span> <span class='ocrx_word' id='word_1_10' title='bbox 698 451 764 492; x_wconf 90' lang='lat' dir='ltr'>cum</span> <span class='ocrx_word' id='word_1_11' title='bbox 787 430 943 494; x_wconf 74' lang='lat' dir='ltr'>clementia</span> 
     </span>
     <span class='ocr_line' id='line_1_3' title="bbox 263 510 1001 586; baseline -0.018 -3"><span class='ocrx_word' id='word_1_12' title='bbox 263 518 382 583; x_wconf 78' lang='lat' dir='ltr'>lusiatus</span> <span class='ocrx_word' id='word_1_13' title='bbox 404 515 451 576; x_wconf 84' lang='lat' dir='ltr'>sua</span> <span class='ocrx_word' id='word_1_14' title='bbox 473 511 589 586; x_wconf 82' lang='lat' dir='ltr'>Caesar,</span> <span class='ocrx_word' id='word_1_15' title='bbox 609 510 732 574; x_wconf 85' lang='lat' dir='ltr'>servavit</span> <span class='ocrx_word' id='word_1_16' title='bbox 752 513 941 576; x_wconf 88' lang='lat' dir='ltr'>incolumem.</span> <span class='ocrx_word' id='word_1_17' title='bbox 998 565 1001 570; x_wconf 92' lang='lat'>.</span> 
     </span>
     <span class='ocr_line' id='line_1_4' title="bbox 262 591 942 662; baseline -0.007 -2"><span class='ocrx_word' id='word_1_18' title='bbox 262 598 334 662; x_wconf 89' lang='lat' dir='ltr'>Non</span> <span class='ocrx_word' id='word_1_19' title='bbox 379 612 540 656; x_wconf 86' lang='lat' dir='ltr'>raetereatur</span> <span class='ocrx_word' id='word_1_20' title='bbox 563 595 657 654; x_wconf 79' lang='lat' dir='ltr'>Asinii</span> <span class='ocrx_word' id='word_1_21' title='bbox 675 591 813 652; x_wconf 89' lang='lat' dir='ltr'>Pollionis</span> <span class='ocrx_word' id='word_1_22' title='bbox 837 593 942 655; x_wconf 69' lang='lat' dir='ltr'>fassum</span> 
     </span>
     <span class='ocr_line' id='line_1_5' title="bbox 177 620 941 757; baseline -0.008 -17"><span class='ocrx_word' id='word_1_23' title='bbox 177 744 178 749; x_wconf 8' lang='grc' dir='ltr'>χ</span> <span class='ocrx_word' id='word_1_24' title='bbox 194 735 197 741; x_wconf 85' lang='grc'><strong>,</strong></span> <span class='ocrx_word' id='word_1_25' title='bbox 263 682 296 757; x_wconf 62' lang='grc' dir='ltr'><strong>ἃ</strong></span> <span class='ocrx_word' id='word_1_26' title='bbox 313 620 419 738; x_wconf 52' lang='lat' dir='ltr'>didam</span> <span class='ocrx_word' id='word_1_27' title='bbox 432 674 623 744; x_wconf 82' lang='lat' dir='ltr'>memorabile</span> <span class='ocrx_word' id='word_1_28' title='bbox 639 695 646 734; x_wconf 79' lang='lat' dir='ltr'>r</span> <span class='ocrx_word' id='word_1_29' title='bbox 663 693 788 756; x_wconf 90' lang='lat' dir='ltr'>namque</span> <span class='ocrx_word' id='word_1_30' title='bbox 803 694 897 755; x_wconf 90' lang='lat' dir='ltr'>quum</span> <span class='ocrx_word' id='word_1_31' title='bbox 913 675 941 738; x_wconf 91' lang='lat' dir='ltr'>se</span> 
     </span>
    </p>
   </div>
   <div class='ocr_carea' id='block_1_3' title="bbox 262 753 941 900">
    <p class='ocr_par' dir='ltr' id='par_1_3' title="bbox 262 753 941 900">
     <span class='ocr_line' id='line_1_6' title="bbox 262 753 941 900; baseline -0.004 -81"><span class='ocrx_word' id='word_1_32' title='bbox 262 757 327 900; x_wconf 87' lang='lat' dir='ltr'>post</span> <span class='ocrx_word' id='word_1_33' title='bbox 352 757 555 820; x_wconf 78' lang='lat' dir='ltr'>Brundisinam</span> <span class='ocrx_word' id='word_1_34' title='bbox 580 775 690 836; x_wconf 67' lang='lat' dir='ltr'>pacem,</span> <span class='ocrx_word' id='word_1_35' title='bbox 707 753 891 816; x_wconf 70' lang='lat' dir='ltr'>continuisset</span> <span class='ocrx_word' id='word_1_36' title='bbox 913 758 941 816; x_wconf 90' lang='lat' dir='ltr'>in</span> 
     </span>
    </p>
   </div>
   <div class='ocr_carea' id='block_1_4' title="bbox 163 833 943 2754">
    <p class='ocr_par' dir='ltr' id='par_1_4' title="bbox 163 833 943 2754">
     <span class='ocr_line' id='line_1_7' title="bbox 279 833 940 920; baseline -0.008 -20"><span class='ocrx_word' id='word_1_37' title='bbox 279 840 367 910; x_wconf 85' lang='lat' dir='ltr'>talia,</span> <span class='ocrx_word' id='word_1_38' title='bbox 389 857 483 920; x_wconf 86' lang='lat' dir='ltr'>neque</span> <span class='ocrx_word' id='word_1_39' title='bbox 504 853 552 898; x_wconf 86' lang='lat' dir='ltr'>aut</span> <span class='ocrx_word' id='word_1_40' title='bbox 573 833 687 896; x_wconf 77' lang='lat' dir='ltr'>vidisses</span> <span class='ocrx_word' id='word_1_41' title='bbox 706 855 845 916; x_wconf 88' lang='lat' dir='ltr'>umquam</span> <span class='ocrx_word' id='word_1_42' title='bbox 866 839 940 919; x_wconf 87' lang='lat' dir='ltr'>regi-</span> 
     </span>
     <span class='ocr_line' id='line_1_8' title="bbox 263 913 941 1055; baseline -0.006 -75"><span class='ocrx_word' id='word_1_43' title='bbox 263 942 350 994; x_wconf 84' lang='lat' dir='ltr'>nam,</span> <span class='ocrx_word' id='word_1_44' title='bbox 367 936 416 979; x_wconf 89' lang='lat' dir='ltr'>aut</span> <span class='ocrx_word' id='word_1_45' title='bbox 431 917 495 1000; x_wconf 88' lang='lat' dir='ltr'>post</span> <span class='ocrx_word' id='word_1_46' title='bbox 511 934 680 978; x_wconf 86' lang='lat' dir='ltr'>enervatum</span> <span class='ocrx_word' id='word_1_47' title='bbox 693 937 793 978; x_wconf 89' lang='lat' dir='ltr'>amore</span> <span class='ocrx_word' id='word_1_48' title='bbox 806 913 870 1055; x_wconf 51' lang='lat' dir='ltr'>epus</span> <span class='ocrx_word' id='word_1_49' title='bbox 883 917 941 978; x_wconf 87' lang='lat' dir='ltr'>An·</span> 
     </span>
     <span class='ocr_line' id='line_1_9' title="bbox 262 995 938 1080; baseline -0.006 -18"><span class='ocrx_word' id='word_1_50' title='bbox 262 1004 335 1065; x_wconf 90' lang='lat' dir='ltr'>tonii</span> <span class='ocrx_word' id='word_1_51' title='bbox 347 1003 472 1060; x_wconf 87' lang='lat' dir='ltr'>animum</span> <span class='ocrx_word' id='word_1_52' title='bbox 483 999 610 1080; x_wconf 79' lang='lat' dir='ltr'>partibus</span> <span class='ocrx_word' id='word_1_53' title='bbox 619 995 681 1076; x_wconf 84' lang='lat' dir='ltr'>ejus</span> <span class='ocrx_word' id='word_1_54' title='bbox 690 995 718 1056; x_wconf 89' lang='lat' dir='ltr'>se</span> <span class='ocrx_word' id='word_1_55' title='bbox 729 997 811 1056; x_wconf 87' lang='lat' dir='ltr'>immi</span> <span class='ocrx_word' id='word_1_56' title='bbox 824 996 938 1072; x_wconf 74' lang='lat' dir='ltr'>suisset,</span> 
     </span>
     <span class='ocr_line' id='line_1_10' title="bbox 263 1077 940 1166; baseline -0.009 -22"><span class='ocrx_word' id='word_1_57' title='bbox 263 1100 382 1166; x_wconf 80' lang='lat' dir='ltr'>rogante</span> <span class='ocrx_word' id='word_1_58' title='bbox 396 1079 507 1142; x_wconf 71' lang='lat' dir='ltr'>cesare</span> <span class='ocrx_word' id='word_1_59' title='bbox 517 1121 527 1154; x_wconf 93' lang='lat'>‚</span> <span class='ocrx_word' id='word_1_60' title='bbox 539 1096 571 1140; x_wconf 92' lang='lat' dir='ltr'>ut</span> <span class='ocrx_word' id='word_1_61' title='bbox 586 1077 681 1139; x_wconf 87' lang='lat' dir='ltr'>secum</span> <span class='ocrx_word' id='word_1_62' title='bbox 696 1078 733 1137; x_wconf 87' lang='lat' dir='ltr'>ad</span> <span class='ocrx_word' id='word_1_63' title='bbox 746 1077 857 1138; x_wconf 87' lang='lat' dir='ltr'>bellum</span> <span class='ocrx_word' id='word_1_64' title='bbox 874 1099 940 1160; x_wconf 91' lang='lat' dir='ltr'>pro·</span> 
     </span>
     <span class='ocr_line' id='line_1_11' title="bbox 262 1159 939 1239; baseline -0.01 -12"><span class='ocrx_word' id='word_1_65' title='bbox 262 1163 436 1227; x_wconf 82' lang='lat' dir='ltr'>sicisceretur</span> <span class='ocrx_word' id='word_1_66' title='bbox 457 1159 607 1228; x_wconf 75' lang='lat' dir='ltr'>Asiiaoum</span> <span class='ocrx_word' id='word_1_67' title='bbox 629 1181 637 1220; x_wconf 81' lang='lat' dir='ltr'>r</span> <span class='ocrx_word' id='word_1_68' title='bbox 656 1162 752 1230; x_wconf 84' lang='lat' dir='ltr'>Mea,</span> <span class='ocrx_word' id='word_1_69' title='bbox 771 1160 886 1239; x_wconf 84' lang='lat' dir='ltr'>inquit,</span> <span class='ocrx_word' id='word_1_70' title='bbox 905 1162 939 1220; x_wconf 53' lang='lat' dir='ltr'>‘in</span> 
     </span>
     <span class='ocr_line' id='line_1_12' title="bbox 261 1239 939 1322; baseline -0.004 -18"><span class='ocrx_word' id='word_1_71' title='bbox 261 1246 417 1306; x_wconf 82' lang='lat' dir='ltr'>Antonium</span> <span class='ocrx_word' id='word_1_72' title='bbox 433 1239 539 1322; x_wconf 62' lang='lat' dir='ltr'>majore</span> <span class='ocrx_word' id='word_1_73' title='bbox 557 1241 648 1302; x_wconf 80' lang='lat' dir='ltr'>merita</span> <span class='ocrx_word' id='word_1_74' title='bbox 658 1239 724 1319; x_wconf 72' lang='lat' dir='ltr'>fiant</span> <span class='ocrx_word' id='word_1_75' title='bbox 732 1281 745 1309; x_wconf 89' lang='lat'>‚</span> <span class='ocrx_word' id='word_1_76' title='bbox 763 1240 846 1299; x_wconf 72' lang='lat' dir='ltr'>illisas</span> <span class='ocrx_word' id='word_1_77' title='bbox 858 1243 888 1300; x_wconf 81' lang='lat' dir='ltr'>in</span> <span class='ocrx_word' id='word_1_78' title='bbox 900 1263 939 1302; x_wconf 85' lang='lat' dir='ltr'>me</span> 
     </span>
     <span class='ocr_line' id='line_1_13' title="bbox 261 1319 938 1403; baseline -0.003 -21"><span class='ocrx_word' id='word_1_79' title='bbox 261 1326 391 1402; x_wconf 77' lang='lat' dir='ltr'>beneficia</span> <span class='ocrx_word' id='word_1_80' title='bbox 416 1326 522 1384; x_wconf 83' lang='lat' dir='ltr'>notiora</span> <span class='ocrx_word' id='word_1_81' title='bbox 541 1344 550 1384; x_wconf 79' lang='lat' dir='ltr'>r</span> <span class='ocrx_word' id='word_1_82' title='bbox 572 1324 663 1400; x_wconf 74' lang='lat' dir='ltr'>itaque</span> <span class='ocrx_word' id='word_1_83' title='bbox 685 1319 833 1399; x_wconf 82' lang='lat' dir='ltr'>discrimini</span> <span class='ocrx_word' id='word_1_84' title='bbox 855 1323 938 1403; x_wconf 80' lang='lat' dir='ltr'>vestro</span> 
     </span>
     <span class='ocr_line' id='line_1_14' title="bbox 261 1402 899 1482; baseline -0.011 -16"><span class='ocrx_word' id='word_1_85' title='bbox 261 1427 303 1472; x_wconf 71' lang='lat' dir='ltr'>me</span> <span class='ocrx_word' id='word_1_86' title='bbox 313 1404 490 1482; x_wconf 75' lang='lat' dir='ltr'>ficbtraham,</span> <span class='ocrx_word' id='word_1_87' title='bbox 509 1404 536 1462; x_wconf 64' lang='grc' dir='ltr'>θ’</span> <span class='ocrx_word' id='word_1_88' title='bbox 554 1425 595 1462; x_wconf 85' lang='lat' dir='ltr'>ero</span> <span class='ocrx_word' id='word_1_89' title='bbox 611 1403 704 1482; x_wconf 74' lang='lat' dir='ltr'>preda</span> <span class='ocrx_word' id='word_1_90' title='bbox 720 1402 839 1461; x_wconf 60' lang='lat' dir='ltr'>vilioris.</span> <span class='ocrx_word' id='word_1_91' title='bbox 897 1418 899 1426; x_wconf 91' lang='grc'><strong><em>·</em></strong></span> 
     </span>
     <span class='ocr_line' id='line_1_15' title="bbox 303 1481 939 1547; baseline 0 -3"><span class='ocrx_word' id='word_1_92' title='bbox 303 1481 549 1547; x_wconf 83' lang='lat' dir='ltr'>LXXXXVII.</span> <span class='ocrx_word' id='word_1_93' title='bbox 569 1481 704 1544; x_wconf 84' lang='lat' dir='ltr'>Proximo</span> <span class='ocrx_word' id='word_1_94' title='bbox 730 1481 838 1543; x_wconf 89' lang='lat' dir='ltr'>deinde</span> <span class='ocrx_word' id='word_1_95' title='bbox 863 1502 939 1544; x_wconf 86' lang='lat' dir='ltr'>anno</span> 
     </span>
     <span class='ocr_line' id='line_1_16' title="bbox 261 1561 940 1646; baseline -0.003 -22"><span class='ocrx_word' id='word_1_96' title='bbox 261 1564 426 1646; x_wconf 81' lang='lat' dir='ltr'>persecutus</span> <span class='ocrx_word' id='word_1_97' title='bbox 438 1566 566 1646; x_wconf 77' lang='lat' dir='ltr'>reginam</span> <span class='ocrx_word' id='word_1_98' title='bbox 577 1562 797 1644; x_wconf 82' lang='lat' dir='ltr'>Antoniumque</span> <span class='ocrx_word' id='word_1_99' title='bbox 809 1561 940 1623; x_wconf 83' lang='lat' dir='ltr'>Alexan·</span> 
     </span>
     <span class='ocr_line' id='line_1_17' title="bbox 260 1642 940 1725; baseline -0.006 -19"><span class='ocrx_word' id='word_1_100' title='bbox 260 1647 380 1718; x_wconf 73' lang='lat' dir='ltr'>titiam,</span> <span class='ocrx_word' id='word_1_101' title='bbox 400 1645 530 1706; x_wconf 83' lang='lat' dir='ltr'>ultimam</span> <span class='ocrx_word' id='word_1_102' title='bbox 546 1643 631 1704; x_wconf 88' lang='lat' dir='ltr'>bellis</span> <span class='ocrx_word' id='word_1_103' title='bbox 650 1644 781 1704; x_wconf 85' lang='lat' dir='ltr'>civilibus</span> <span class='ocrx_word' id='word_1_104' title='bbox 801 1642 940 1725; x_wconf 82' lang='lat' dir='ltr'>imposuit</span> 
     </span>
     <span class='ocr_line' id='line_1_18' title="bbox 260 1721 940 1864; baseline -0.013 -72"><span class='ocrx_word' id='word_1_105' title='bbox 260 1747 388 1793; x_wconf 80' lang='lat' dir='ltr'>manum.</span> <span class='ocrx_word' id='word_1_106' title='bbox 403 1723 590 1787; x_wconf 78' lang='lat' dir='ltr'>Antoniusse</span> <span class='ocrx_word' id='word_1_107' title='bbox 607 1721 667 1864; x_wconf 89' lang='lat' dir='ltr'>ipse</span> <span class='ocrx_word' id='word_1_108' title='bbox 678 1745 739 1784; x_wconf 89' lang='lat' dir='ltr'>non</span> <span class='ocrx_word' id='word_1_109' title='bbox 756 1723 884 1808; x_wconf 84' lang='lat' dir='ltr'>segniter</span> <span class='ocrx_word' id='word_1_110' title='bbox 898 1727 940 1783; x_wconf 91' lang='lat' dir='ltr'>in·</span> 
     </span>
     <span class='ocr_line' id='line_1_19' title="bbox 261 1805 941 1881; baseline -0.006 -13"><span class='ocrx_word' id='word_1_111' title='bbox 261 1811 401 1881; x_wconf 85' lang='lat' dir='ltr'>teremit,</span> <span class='ocrx_word' id='word_1_112' title='bbox 424 1808 499 1867; x_wconf 90' lang='lat' dir='ltr'>adeo</span> <span class='ocrx_word' id='word_1_113' title='bbox 518 1823 551 1865; x_wconf 88' lang='lat' dir='ltr'>ut</span> <span class='ocrx_word' id='word_1_114' title='bbox 568 1823 657 1865; x_wconf 87' lang='lat' dir='ltr'>muta</span> <span class='ocrx_word' id='word_1_115' title='bbox 682 1805 799 1865; x_wconf 76' lang='lat' dir='ltr'>desidiae</span> <span class='ocrx_word' id='word_1_116' title='bbox 819 1807 941 1866; x_wconf 86' lang='lat' dir='ltr'>crimina</span> 
     </span>
     <span class='ocr_line' id='line_1_20' title="bbox 260 1883 940 1968; baseline -0.01 -15"><span class='ocrx_word' id='word_1_117' title='bbox 260 1900 356 1954; x_wconf 78' lang='lat' dir='ltr'>morte</span> <span class='ocrx_word' id='word_1_118' title='bbox 372 1888 534 1948; x_wconf 81' lang='lat' dir='ltr'>redimeret.</span> <span class='ocrx_word' id='word_1_119' title='bbox 550 1885 593 1947; x_wconf 86' lang='lat' dir='ltr'>At</span> <span class='ocrx_word' id='word_1_120' title='bbox 608 1883 785 1968; x_wconf 84' lang='lat' dir='ltr'>Cleopatra,</span> <span class='ocrx_word' id='word_1_121' title='bbox 802 1883 940 1946; x_wconf 82' lang='lat' dir='ltr'>frustratis</span> 
     </span>
     <span class='ocr_line' id='line_1_21' title="bbox 260 1963 941 2048; baseline -0.007 -17"><span class='ocrx_word' id='word_1_122' title='bbox 260 1968 427 2032; x_wconf 82' lang='lat' dir='ltr'>custodibus</span> <span class='ocrx_word' id='word_1_123' title='bbox 437 2013 448 2040; x_wconf 88' lang='lat'>‚</span> <span class='ocrx_word' id='word_1_124' title='bbox 459 1967 535 2028; x_wconf 76' lang='lat' dir='ltr'>illati</span> <span class='ocrx_word' id='word_1_125' title='bbox 544 1966 641 2048; x_wconf 85' lang='lat' dir='ltr'>aspide</span> <span class='ocrx_word' id='word_1_126' title='bbox 650 2009 660 2039; x_wconf 93' lang='lat'>‚</span> <span class='ocrx_word' id='word_1_127' title='bbox 669 1965 766 2026; x_wconf 89' lang='lat' dir='ltr'>morsu</span> <span class='ocrx_word' id='word_1_128' title='bbox 779 1965 847 2026; x_wconf 72' lang='lat' dir='ltr'>sane</span> <span class='ocrx_word' id='word_1_129' title='bbox 861 1963 941 2046; x_wconf 77' lang='lat' dir='ltr'>ejus,</span> 
     </span>
     <span class='ocr_line' id='line_1_22' title="bbox 261 2045 940 2186; baseline -0.001 -77"><span class='ocrx_word' id='word_1_130' title='bbox 261 2069 363 2128; x_wconf 83' lang='lat' dir='ltr'>expers</span> <span class='ocrx_word' id='word_1_131' title='bbox 379 2047 524 2108; x_wconf 87' lang='lat' dir='ltr'>muliebris</span> <span class='ocrx_word' id='word_1_132' title='bbox 540 2047 635 2108; x_wconf 80' lang='lat' dir='ltr'>mersis</span> <span class='ocrx_word' id='word_1_133' title='bbox 652 2045 779 2186; x_wconf 84' lang='lat' dir='ltr'>spirimm</span> <span class='ocrx_word' id='word_1_134' title='bbox 799 2047 940 2108; x_wconf 82' lang='lat' dir='ltr'>reddidit.</span> 
     </span>
     <span class='ocr_line' id='line_1_23' title="bbox 259 2125 942 2208; baseline -0.001 -19"><span class='ocrx_word' id='word_1_135' title='bbox 259 2127 380 2208; x_wconf 88' lang='lat' dir='ltr'>Fuitque</span> <span class='ocrx_word' id='word_1_136' title='bbox 404 2128 436 2189; x_wconf 77' lang='lat' dir='ltr'>dt</span> <span class='ocrx_word' id='word_1_137' title='bbox 455 2127 569 2188; x_wconf 73' lang='lat' dir='ltr'>sortund</span> <span class='ocrx_word' id='word_1_138' title='bbox 589 2128 621 2188; x_wconf 74' lang='grc' dir='ltr'>δι</span> <span class='ocrx_word' id='word_1_139' title='bbox 645 2127 799 2196; x_wconf 63' lang='lat' dir='ltr'>cementis</span> <span class='ocrx_word' id='word_1_140' title='bbox 818 2125 942 2190; x_wconf 81' lang='lat' dir='ltr'>Caesaris</span> 
     </span>
     <span class='ocr_line' id='line_1_24' title="bbox 163 2208 942 2348; baseline 0.001 -79"><span class='ocrx_word' id='word_1_141' title='bbox 163 2259 166 2284; x_wconf 83' lang='grc'>,</span> <span class='ocrx_word' id='word_1_142' title='bbox 259 2208 400 2291; x_wconf 83' lang='lat' dir='ltr'>dignum,</span> <span class='ocrx_word' id='word_1_143' title='bbox 416 2209 502 2291; x_wconf 34' lang='lat' dir='ltr'>*quod</span> <span class='ocrx_word' id='word_1_144' title='bbox 523 2229 611 2270; x_wconf 89' lang='lat' dir='ltr'>nemo</span> <span class='ocrx_word' id='word_1_145' title='bbox 633 2211 720 2268; x_wconf 88' lang='lat' dir='ltr'>exiis</span> <span class='ocrx_word' id='word_1_146' title='bbox 738 2251 749 2281; x_wconf 89' lang='lat'><strong><em>,</em></strong></span> <span class='ocrx_word' id='word_1_147' title='bbox 769 2210 820 2348; x_wconf 71' lang='lat' dir='ltr'>ppi</span> <span class='ocrx_word' id='word_1_148' title='bbox 838 2228 942 2270; x_wconf 82' lang='lat' dir='ltr'>contra</span> 
     </span>
     <span class='ocr_line' id='line_1_25' title="bbox 257 2287 941 2370; baseline 0.003 -20"><span class='ocrx_word' id='word_1_149' title='bbox 257 2310 330 2364; x_wconf 72' lang='lat' dir='ltr'>eum</span> <span class='ocrx_word' id='word_1_150' title='bbox 354 2309 431 2350; x_wconf 84' lang='lat' dir='ltr'>arma</span> <span class='ocrx_word' id='word_1_151' title='bbox 453 2290 599 2360; x_wconf 87' lang='lat' dir='ltr'>tulerant,</span> <span class='ocrx_word' id='word_1_152' title='bbox 620 2289 656 2349; x_wconf 90' lang='lat' dir='ltr'>ab</span> <span class='ocrx_word' id='word_1_153' title='bbox 680 2310 717 2350; x_wconf 89' lang='lat' dir='ltr'>eo</span> <span class='ocrx_word' id='word_1_154' title='bbox 741 2287 770 2368; x_wconf 81' lang='lat' dir='ltr'>ju</span> <span class='ocrx_word' id='word_1_155' title='bbox 794 2310 855 2350; x_wconf 87' lang='lat' dir='ltr'>uve</span> <span class='ocrx_word' id='word_1_156' title='bbox 878 2287 941 2370; x_wconf 82' lang='lat' dir='ltr'>ejus</span> 
     </span>
     <span class='ocr_line' id='line_1_26' title="bbox 260 2368 943 2450; baseline -0.001 -17"><span class='ocrx_word' id='word_1_157' title='bbox 260 2371 460 2450; x_wconf 85' lang='lat' dir='ltr'>interemptus.</span> <span class='ocrx_word' id='word_1_158' title='bbox 470 2368 510 2432; x_wconf 92' lang='lat' dir='ltr'>D.</span> <span class='ocrx_word' id='word_1_159' title='bbox 521 2369 642 2432; x_wconf 88' lang='lat' dir='ltr'>Brutum</span> <span class='ocrx_word' id='word_1_160' title='bbox 653 2370 780 2430; x_wconf 87' lang='lat' dir='ltr'>Antonii·</span> <span class='ocrx_word' id='word_1_161' title='bbox 789 2372 943 2432; x_wconf 87' lang='lat' dir='ltr'>interemit</span> 
     </span>
     <span class='ocr_line' id='line_1_27' title="bbox 260 2449 943 2531; baseline 0 -19"><span class='ocrx_word' id='word_1_162' title='bbox 260 2451 437 2512; x_wconf 84' lang='lat' dir='ltr'>crudelitas:</span> <span class='ocrx_word' id='word_1_163' title='bbox 463 2449 529 2512; x_wconf 83' lang='lat' dir='ltr'>Sex.</span> <span class='ocrx_word' id='word_1_164' title='bbox 553 2450 744 2531; x_wconf 88' lang='lat' dir='ltr'>Pompeium,</span> <span class='ocrx_word' id='word_1_165' title='bbox 769 2451 806 2511; x_wconf 88' lang='lat' dir='ltr'>ab</span> <span class='ocrx_word' id='word_1_166' title='bbox 830 2453 943 2512; x_wconf 90' lang='lat' dir='ltr'>eodem</span> 
     </span>
     <span class='ocr_line' id='line_1_28' title="bbox 260 2529 943 2616; baseline 0.003 -26"><span class='ocrx_word' id='word_1_167' title='bbox 260 2529 367 2591; x_wconf 71' lang='lat' dir='ltr'>vidium</span> <span class='ocrx_word' id='word_1_168' title='bbox 379 2531 483 2604; x_wconf 54' lang='lat' dir='ltr'>{idem</span> <span class='ocrx_word' id='word_1_169' title='bbox 500 2531 666 2604; x_wconf 81' lang='lat' dir='ltr'>Antonius,</span> <span class='ocrx_word' id='word_1_170' title='bbox 683 2551 773 2613; x_wconf 89' lang='lat' dir='ltr'>quum</span> <span class='ocrx_word' id='word_1_171' title='bbox 790 2531 943 2616; x_wconf 85' lang='lat' dir='ltr'>dignitatis</span> 
     </span>
     <span class='ocr_line' id='line_1_29' title="bbox 259 2609 942 2754; baseline 0.003 -84"><span class='ocrx_word' id='word_1_172' title='bbox 259 2631 377 2754; x_wconf 63' lang='lat' dir='ltr'>puoque</span> <span class='ocrx_word' id='word_1_173' title='bbox 397 2611 544 2674; x_wconf 83' lang='lat' dir='ltr'>servandae</span> <span class='ocrx_word' id='word_1_174' title='bbox 565 2609 683 2672; x_wconf 82' lang='lat' dir='ltr'>dedisset</span> <span class='ocrx_word' id='word_1_175' title='bbox 710 2609 801 2672; x_wconf 88' lang='lat' dir='ltr'>fidem</span> <span class='ocrx_word' id='word_1_176' title='bbox 818 2657 829 2686; x_wconf 91' lang='lat'>‚</span> <span class='ocrx_word' id='word_1_177' title='bbox 849 2617 942 2674; x_wconf 83' lang='lat' dir='ltr'>etiam</span> 
     </span>
    </p>
   </div>
   <div class='ocr_carea' id='block_1_5' title="bbox 257 2689 943 2856">
    <p class='ocr_par' dir='ltr' id='par_1_5' title="bbox 257 2689 943 2856">
     <span class='ocr_line' id='line_1_30' title="bbox 272 2689 942 2772; baseline 0.006 -22"><span class='ocrx_word' id='word_1_178' title='bbox 272 2693 358 2770; x_wconf 77' lang='lat' dir='ltr'>piritu</span> <span class='ocrx_word' id='word_1_179' title='bbox 377 2694 522 2772; x_wconf 71' lang='lat' dir='ltr'>privarit:</span> <span class='ocrx_word' id='word_1_180' title='bbox 538 2691 641 2754; x_wconf 86' lang='lat' dir='ltr'>Brutus</span> <span class='ocrx_word' id='word_1_181' title='bbox 659 2693 692 2752; x_wconf 71' lang='grc' dir='ltr'>ὃ(</span> <span class='ocrx_word' id='word_1_182' title='bbox 709 2689 830 2754; x_wconf 83' lang='lat' dir='ltr'>Cassius</span> <span class='ocrx_word' id='word_1_183' title='bbox 850 2696 942 2770; x_wconf 75' lang='lat' dir='ltr'>ante,</span> 
     </span>
     <span class='ocr_line' id='line_1_31' title="bbox 257 2769 943 2856; baseline -0.003 -19"><span class='ocrx_word' id='word_1_184' title='bbox 257 2769 347 2853; x_wconf 65' lang='lat' dir='ltr'>quam</span> <span class='ocrx_word' id='word_1_185' title='bbox 360 2771 503 2836; x_wconf 69' lang='lat' dir='ltr'>videtum</span> <span class='ocrx_word' id='word_1_186' title='bbox 515 2775 711 2856; x_wconf 85' lang='lat' dir='ltr'>experirentur</span> <span class='ocrx_word' id='word_1_187' title='bbox 721 2775 872 2852; x_wconf 79' lang='lat' dir='ltr'>animum,</span> <span class='ocrx_word' id='word_1_188' title='bbox 887 2795 943 2846; x_wconf 71' lang='lat' dir='ltr'>uo</span> 
     </span>
    </p>
   </div>
   <div class='ocr_carea' id='block_1_6' title="bbox 0 0 1014 3618">
    <p class='ocr_par' dir='ltr' id='par_1_6' title="bbox 0 0 1014 3618">
     <span class='ocr_line' id='line_1_32' title="bbox 0 0 1014 3618; baseline 0 0"><span class='ocrx_word' id='word_1_189' title='bbox 0 0 1014 3618; x_wconf 95' lang='lat' dir='ltr'> </span> 
     </span>
    </p>
   </div>
  </div>
 </body>
</html>
