<?xml version="1.0" encoding="UTF-8"?>
<!DOCTYPE html PUBLIC "-//W3C//DTD XHTML 1.0 Transitional//EN"
    "http://www.w3.org/TR/xhtml1/DTD/xhtml1-transitional.dtd">
<html xmlns="http://www.w3.org/1999/xhtml" xml:lang="en" lang="en">
 <head>
  <title>
</title>
<meta http-equiv="Content-Type" content="text/html;charset=utf-8" />
  <meta name='ocr-system' content='tesseract 3.04.00' />
  <meta name='ocr-capabilities' content='ocr_page ocr_carea ocr_par ocr_line ocrx_word'/>
</head>
<body>
  <div class='ocr_page' id='page_1' title='image "./caiivelleiipate00pategoog_0078.png"; bbox 0 0 2014 3620; ppageno 0'>
   <div class='ocr_carea' id='block_1_1' title="bbox 163 290 916 666">
    <p class='ocr_par' dir='ltr' id='par_1_1' title="bbox 163 290 916 666">
     <span class='ocr_line' id='line_1_1' title="bbox 237 290 894 374; baseline -0.003 0"><span class='ocrx_word' id='word_1_1' title='bbox 237 304 284 374; x_wconf 86' lang='lat'>62</span> <span class='ocrx_word' id='word_1_2' title='bbox 359 290 785 374; x_wconf 53' lang='lat' dir='ltr'>GVrzthArra‘c.</span> <span class='ocrx_word' id='word_1_3' title='bbox 892 367 894 372; x_wconf 81' lang='grc'>,</span> 
     </span>
     <span class='ocr_line' id='line_1_2' title="bbox 163 403 913 504; baseline 0 -22"><span class='ocrx_word' id='word_1_4' title='bbox 163 405 168 412; x_wconf 60' lang='lat'><em>„</em></span> <span class='ocrx_word' id='word_1_5' title='bbox 237 441 294 504; x_wconf 88' lang='lat' dir='ltr'>que</span> <span class='ocrx_word' id='word_1_6' title='bbox 317 419 397 484; x_wconf 88' lang='lat' dir='ltr'>bello</span> <span class='ocrx_word' id='word_1_7' title='bbox 420 439 538 480; x_wconf 85' lang='lat' dir='ltr'>manum</span> <span class='ocrx_word' id='word_1_8' title='bbox 562 438 637 501; x_wconf 85' lang='lat' dir='ltr'>pene</span> <span class='ocrx_word' id='word_1_9' title='bbox 665 420 754 501; x_wconf 84' lang='lat' dir='ltr'>magis</span> <span class='ocrx_word' id='word_1_10' title='bbox 773 403 913 482; x_wconf 63' lang='lat' dir='ltr'>&#39;abluerat</span> 
     </span>
     <span class='ocr_line' id='line_1_3' title="bbox 177 499 914 597; baseline -0.001 -34"><span class='ocrx_word' id='word_1_11' title='bbox 177 505 178 508; x_wconf 69' lang='grc'>’</span> <span class='ocrx_word' id='word_1_12' title='bbox 236 505 387 596; x_wconf 69' lang='lat' dir='ltr'>imponere</span> <span class='ocrx_word' id='word_1_13' title='bbox 401 499 487 581; x_wconf 82' lang='lat' dir='ltr'>quitur</span> <span class='ocrx_word' id='word_1_14' title='bbox 503 519 563 592; x_wconf 73' lang='lat' dir='ltr'>nort</span> <span class='ocrx_word' id='word_1_15' title='bbox 580 515 711 580; x_wconf 85' lang='lat' dir='ltr'>potuerat</span> <span class='ocrx_word' id='word_1_16' title='bbox 721 521 731 572; x_wconf 75' lang='lat'>3</span> <span class='ocrx_word' id='word_1_17' title='bbox 743 500 793 582; x_wconf 88' lang='lat' dir='ltr'>qui</span> <span class='ocrx_word' id='word_1_18' title='bbox 804 499 914 597; x_wconf 77' lang='lat' dir='ltr'>alioqui</span> 
     </span>
     <span class='ocr_line' id='line_1_4' title="bbox 235 577 916 666; baseline -0.004 -22"><span class='ocrx_word' id='word_1_19' title='bbox 235 603 289 666; x_wconf 89' lang='lat' dir='ltr'>per</span> <span class='ocrx_word' id='word_1_20' title='bbox 309 601 407 644; x_wconf 86' lang='lat' dir='ltr'>omma</span> <span class='ocrx_word' id='word_1_21' title='bbox 426 577 597 654; x_wconf 76' lang='lat' dir='ltr'>laudabilis,</span> <span class='ocrx_word' id='word_1_22' title='bbox 618 579 650 640; x_wconf 88' lang='lat'>&amp;</span> <span class='ocrx_word' id='word_1_23' title='bbox 673 579 751 640; x_wconf 88' lang='lat' dir='ltr'>bello</span> <span class='ocrx_word' id='word_1_24' title='bbox 773 599 850 662; x_wconf 86' lang='lat' dir='ltr'>pene</span> <span class='ocrx_word' id='word_1_25' title='bbox 871 601 916 642; x_wconf 90' lang='lat' dir='ltr'>m·</span> 
     </span>
    </p>
   </div>
   <div class='ocr_carea' id='block_1_2' title="bbox 140 658 915 1870">
    <p class='ocr_par' dir='ltr' id='par_1_2' title="bbox 140 658 915 1870">
     <span class='ocr_line' id='line_1_5' title="bbox 235 658 914 743; baseline 0 -21"><span class='ocrx_word' id='word_1_26' title='bbox 235 661 354 736; x_wconf 70' lang='lat' dir='ltr'>vilius,</span> <span class='ocrx_word' id='word_1_27' title='bbox 397 661 504 720; x_wconf 77' lang='lat' dir='ltr'>ecuniae</span> <span class='ocrx_word' id='word_1_28' title='bbox 530 658 727 740; x_wconf 79' lang='lat' dir='ltr'>expellebatur</span> <span class='ocrx_word' id='word_1_29' title='bbox 751 659 914 743; x_wconf 77' lang='lat' dir='ltr'>cupitline)</span> 
     </span>
     <span class='ocr_line' id='line_1_6' title="bbox 233 680 915 816; baseline 0 -14"><span class='ocrx_word' id='word_1_30' title='bbox 233 742 314 802; x_wconf 88' lang='lat' dir='ltr'>idem</span> <span class='ocrx_word' id='word_1_31' title='bbox 333 680 442 802; x_wconf 84' lang='lat' dir='ltr'>bellum</span> <span class='ocrx_word' id='word_1_32' title='bbox 461 738 775 801; x_wconf 71' lang='lat' dir='ltr'>adhuc&#39;arlministraret</span> <span class='ocrx_word' id='word_1_33' title='bbox 791 762 801 816; x_wconf 92' lang='lat'>;</span> <span class='ocrx_word' id='word_1_34' title='bbox 819 741 915 802; x_wconf 87' lang='lat' dir='ltr'>Mani·</span> 
     </span>
     <span class='ocr_line' id='line_1_7' title="bbox 234 815 914 906; baseline 0.001 -24"><span class='ocrx_word' id='word_1_35' title='bbox 234 815 290 882; x_wconf 80' lang='lat' dir='ltr'>lius</span> <span class='ocrx_word' id='word_1_36' title='bbox 311 821 440 882; x_wconf 82' lang='lat' dir='ltr'>tribunus</span> <span class='ocrx_word' id='word_1_37' title='bbox 464 820 583 906; x_wconf 83' lang='lat' dir='ltr'>plebis,</span> <span class='ocrx_word' id='word_1_38' title='bbox 606 819 719 901; x_wconf 85' lang='lat' dir='ltr'>semper</span> <span class='ocrx_word' id='word_1_39' title='bbox 743 823 855 883; x_wconf 84' lang='lat' dir='ltr'>venalis</span> <span class='ocrx_word' id='word_1_40' title='bbox 879 823 914 893; x_wconf 73' lang='grc' dir='ltr'>δι</span> 
     </span>
     <span class='ocr_line' id='line_1_8' title="bbox 140 887 915 986; baseline 0.003 -24"><span class='ocrx_word' id='word_1_41' title='bbox 140 887 159 923; x_wconf 49' lang='lat' dir='ltr'>‘s</span> <span class='ocrx_word' id='word_1_42' title='bbox 233 902 337 963; x_wconf 72' lang='lat' dir='ltr'>aliene</span> <span class='ocrx_word' id='word_1_43' title='bbox 353 900 479 964; x_wconf 81' lang='lat' dir='ltr'>minister</span> <span class='ocrx_word' id='word_1_44' title='bbox 493 901 650 986; x_wconf 83' lang='lat' dir='ltr'>potentiae,</span> <span class='ocrx_word' id='word_1_45' title='bbox 667 901 762 986; x_wconf 79' lang='lat' dir='ltr'>legem</span> <span class='ocrx_word' id='word_1_46' title='bbox 779 903 864 976; x_wconf 88' lang='lat' dir='ltr'>tulit,</span> <span class='ocrx_word' id='word_1_47' title='bbox 882 919 915 964; x_wconf 89' lang='lat' dir='ltr'>ut</span> 
     </span>
     <span class='ocr_line' id='line_1_9' title="bbox 234 979 914 1066; baseline -0.003 -20"><span class='ocrx_word' id='word_1_48' title='bbox 234 983 346 1046; x_wconf 86' lang='lat' dir='ltr'>bellum</span> <span class='ocrx_word' id='word_1_49' title='bbox 363 982 590 1046; x_wconf 85' lang='lat' dir='ltr'>Mithridaticum</span> <span class='ocrx_word' id='word_1_50' title='bbox 603 1003 654 1064; x_wconf 90' lang='lat' dir='ltr'>pet</span> <span class='ocrx_word' id='word_1_51' title='bbox 667 979 724 1043; x_wconf 90' lang='lat' dir='ltr'>Cn.</span> <span class='ocrx_word' id='word_1_52' title='bbox 740 981 914 1066; x_wconf 88' lang='lat' dir='ltr'>Pompeium</span> 
     </span>
     <span class='ocr_line' id='line_1_10' title="bbox 234 1061 913 1154; baseline -0.001 -28"><span class='ocrx_word' id='word_1_53' title='bbox 234 1062 483 1126; x_wconf 85' lang='lat' dir='ltr'>administraretur.</span> <span class='ocrx_word' id='word_1_54' title='bbox 511 1065 641 1144; x_wconf 79' lang='lat' dir='ltr'>Accepta</span> <span class='ocrx_word' id='word_1_55' title='bbox 662 1083 721 1154; x_wconf 72' lang='lat' dir='ltr'>ea,</span> <span class='ocrx_word' id='word_1_56' title='bbox 746 1061 913 1146; x_wconf 83' lang='lat' dir='ltr'>magnisque</span> 
     </span>
     <span class='ocr_line' id='line_1_11' title="bbox 236 1146 914 1226; baseline -0.003 -19"><span class='ocrx_word' id='word_1_57' title='bbox 236 1159 377 1207; x_wconf 81' lang='lat' dir='ltr'>certatum</span> <span class='ocrx_word' id='word_1_58' title='bbox 395 1147 467 1206; x_wconf 88' lang='lat' dir='ltr'>inter</span> <span class='ocrx_word' id='word_1_59' title='bbox 483 1146 670 1224; x_wconf 81' lang='lat' dir='ltr'>imperatores</span> <span class='ocrx_word' id='word_1_60' title='bbox 687 1146 806 1225; x_wconf 70' lang='lat' dir='ltr'>jurgiis,</span> <span class='ocrx_word' id='word_1_61' title='bbox 824 1165 914 1226; x_wconf 89' lang='lat' dir='ltr'>quum</span> 
     </span>
     <span class='ocr_line' id='line_1_12' title="bbox 236 1223 915 1307; baseline -0.003 -20"><span class='ocrx_word' id='word_1_62' title='bbox 236 1223 392 1307; x_wconf 88' lang='lat' dir='ltr'>Pompeius</span> <span class='ocrx_word' id='word_1_63' title='bbox 403 1225 524 1286; x_wconf 85' lang='lat' dir='ltr'>Lucullo</span> <span class='ocrx_word' id='word_1_64' title='bbox 536 1223 683 1286; x_wconf 79' lang='lat' dir='ltr'>infamiam</span> <span class='ocrx_word' id='word_1_65' title='bbox 697 1225 843 1304; x_wconf 70' lang='lat' dir='ltr'>pecunia,</span> <span class='ocrx_word' id='word_1_66' title='bbox 857 1224 915 1285; x_wconf 88' lang='lat' dir='ltr'>Lu·</span> 
     </span>
     <span class='ocr_line' id='line_1_13' title="bbox 236 1303 913 1386; baseline 0 -20"><span class='ocrx_word' id='word_1_67' title='bbox 236 1306 328 1366; x_wconf 75' lang='lat' dir='ltr'>tullus</span> <span class='ocrx_word' id='word_1_68' title='bbox 343 1303 484 1386; x_wconf 86' lang='lat' dir='ltr'>Pompeio</span> <span class='ocrx_word' id='word_1_69' title='bbox 499 1307 708 1366; x_wconf 81' lang='lat' dir='ltr'>interminatam</span> <span class='ocrx_word' id='word_1_70' title='bbox 725 1303 913 1386; x_wconf 73' lang='lat' dir='ltr'>cupiditatem</span> 
     </span>
     <span class='ocr_line' id='line_1_14' title="bbox 236 1383 913 1468; baseline 0.001 -22"><span class='ocrx_word' id='word_1_71' title='bbox 236 1383 379 1466; x_wconf 84' lang='lat' dir='ltr'>objiceret</span> <span class='ocrx_word' id='word_1_72' title='bbox 394 1387 505 1467; x_wconf 91' lang='lat' dir='ltr'>imperii</span> <span class='ocrx_word' id='word_1_73' title='bbox 518 1405 528 1460; x_wconf 90' lang='lat'>;</span> <span class='ocrx_word' id='word_1_74' title='bbox 543 1402 701 1466; x_wconf 81' lang='lat' dir='ltr'>neuterque</span> <span class='ocrx_word' id='word_1_75' title='bbox 721 1385 756 1460; x_wconf 84' lang='lat' dir='ltr'>ab</span> <span class='ocrx_word' id='word_1_76' title='bbox 781 1405 839 1460; x_wconf 88' lang='lat' dir='ltr'>eo,</span> <span class='ocrx_word' id='word_1_77' title='bbox 852 1402 913 1468; x_wconf 87' lang='lat' dir='ltr'>quo</span> 
     </span>
     <span class='ocr_line' id='line_1_15' title="bbox 235 1462 914 1567; baseline 0 -41"><span class='ocrx_word' id='word_1_78' title='bbox 235 1465 427 1548; x_wconf 80' lang='lat' dir='ltr'>arguebatur,</span> <span class='ocrx_word' id='word_1_79' title='bbox 447 1466 590 1526; x_wconf 86' lang='lat' dir='ltr'>mendacii</span> <span class='ocrx_word' id='word_1_80' title='bbox 609 1467 688 1567; x_wconf 68' lang='lat' dir='ltr'>afgui</span> <span class='ocrx_word' id='word_1_81' title='bbox 706 1462 799 1546; x_wconf 80' lang='lat' dir='ltr'>pollet</span> <span class='ocrx_word' id='word_1_82' title='bbox 818 1485 825 1524; x_wconf 84' lang='lat' dir='ltr'>t</span> <span class='ocrx_word' id='word_1_83' title='bbox 846 1485 914 1526; x_wconf 83' lang='lat' dir='ltr'>nam</span> 
     </span>
     <span class='ocr_line' id='line_1_16' title="bbox 235 1545 915 1722; baseline 0.001 -35"><span class='ocrx_word' id='word_1_84' title='bbox 235 1545 575 1722; x_wconf 53' lang='lat' dir='ltr'>litbpbltilitl‘</span> <span class='ocrx_word' id='word_1_85' title='bbox 589 1545 915 1722; x_wconf 55' lang='lat' dir='ltr'>fiieffimoeiilii</span> 
     </span>
     <span class='ocr_line' id='line_1_17' title="bbox 236 1707 914 1870; baseline 0 -21"><span class='ocrx_word' id='word_1_86' title='bbox 236 1707 552 1860; x_wconf 56' lang='lat' dir='ltr'>lifflelsslsstbi‘:</span> <span class='ocrx_word' id='word_1_87' title='bbox 567 1707 783 1869; x_wconf 59' lang='lat' dir='ltr'>§iiiiii</span> <span class='ocrx_word' id='word_1_88' title='bbox 793 1727 914 1870; x_wconf 60' lang='lat' dir='ltr'>:liiii</span> 
     </span>
    </p>
   </div>
   <div class='ocr_carea' id='block_1_3' title="bbox 15 1865 914 1950">
    <p class='ocr_par' dir='ltr' id='par_1_3' title="bbox 15 1865 914 1950">
     <span class='ocr_line' id='line_1_18' title="bbox 15 1865 914 1950; baseline -0.002 -20"><span class='ocrx_word' id='word_1_89' title='bbox 15 1889 20 1900; x_wconf 91' lang='grc'>’</span> <span class='ocrx_word' id='word_1_90' title='bbox 138 1873 140 1876; x_wconf 78' lang='grc'><strong>’</strong></span> <span class='ocrx_word' id='word_1_91' title='bbox 217 1899 218 1902; x_wconf 43' lang='grc'><strong>“</strong></span> <span class='ocrx_word' id='word_1_92' title='bbox 237 1888 275 1930; x_wconf 86' lang='lat' dir='ltr'>eo</span> <span class='ocrx_word' id='word_1_93' title='bbox 293 1870 359 1930; x_wconf 87' lang='lat' dir='ltr'>viro</span> <span class='ocrx_word' id='word_1_94' title='bbox 376 1865 524 1950; x_wconf 89' lang='lat' dir='ltr'>quisquam</span> <span class='ocrx_word' id='word_1_95' title='bbox 543 1886 591 1929; x_wconf 90' lang='lat' dir='ltr'>aut</span> <span class='ocrx_word' id='word_1_96' title='bbox 612 1867 664 1928; x_wconf 85' lang='lat' dir='ltr'>alia</span> <span class='ocrx_word' id='word_1_97' title='bbox 682 1869 780 1928; x_wconf 86' lang='lat' dir='ltr'>omnia</span> <span class='ocrx_word' id='word_1_98' title='bbox 797 1870 914 1942; x_wconf 78' lang='lat' dir='ltr'>minus,</span> 
     </span>
    </p>
   </div>
   <div class='ocr_carea' id='block_1_4' title="bbox 160 1949 921 2916">
    <p class='ocr_par' dir='ltr' id='par_1_4' title="bbox 160 1949 921 2916">
     <span class='ocr_line' id='line_1_19' title="bbox 236 1949 916 2030; baseline 0 -22"><span class='ocrx_word' id='word_1_99' title='bbox 236 1965 286 2010; x_wconf 85' lang='lat' dir='ltr'>aut</span> <span class='ocrx_word' id='word_1_100' title='bbox 300 1949 420 2030; x_wconf 83' lang='lat' dir='ltr'>gloriam</span> <span class='ocrx_word' id='word_1_101' title='bbox 436 1951 524 2030; x_wconf 86' lang='lat' dir='ltr'>magis</span> <span class='ocrx_word' id='word_1_102' title='bbox 543 1950 688 2029; x_wconf 85' lang='lat' dir='ltr'>concupiit</span> <span class='ocrx_word' id='word_1_103' title='bbox 706 1949 758 2008; x_wconf 91' lang='lat' dir='ltr'>:in</span> <span class='ocrx_word' id='word_1_104' title='bbox 775 1969 811 2028; x_wconf 87' lang='lat' dir='ltr'>ap</span> <span class='ocrx_word' id='word_1_105' title='bbox 833 1967 916 2010; x_wconf 88' lang='lat' dir='ltr'>eten-</span> 
     </span>
     <span class='ocr_line' id='line_1_20' title="bbox 237 1971 916 2110; baseline 0.003 -21"><span class='ocrx_word' id='word_1_106' title='bbox 237 2027 281 2089; x_wconf 80' lang='lat' dir='ltr'>tlis</span> <span class='ocrx_word' id='word_1_107' title='bbox 296 2029 454 2088; x_wconf 84' lang='lat' dir='ltr'>honoribus</span> <span class='ocrx_word' id='word_1_108' title='bbox 468 2029 639 2088; x_wconf 85' lang='lat' dir='ltr'>immodicus</span> <span class='ocrx_word' id='word_1_109' title='bbox 648 2031 703 2104; x_wconf 81' lang='lat' dir='ltr'>,in</span> <span class='ocrx_word' id='word_1_110' title='bbox 714 1971 848 2110; x_wconf 72' lang='lat' dir='ltr'>gereutlis</span> <span class='ocrx_word' id='word_1_111' title='bbox 861 2051 916 2090; x_wconf 85' lang='lat' dir='ltr'>ve·</span> 
     </span>
     <span class='ocr_line' id='line_1_21' title="bbox 237 2107 916 2191; baseline 0.006 -24"><span class='ocrx_word' id='word_1_112' title='bbox 237 2109 478 2186; x_wconf 70' lang='lat' dir='ltr'>mundissimus,</span> <span class='ocrx_word' id='word_1_113' title='bbox 495 2124 526 2168; x_wconf 91' lang='lat' dir='ltr'>ut</span> <span class='ocrx_word' id='word_1_114' title='bbox 549 2111 597 2191; x_wconf 86' lang='lat' dir='ltr'>qui</span> <span class='ocrx_word' id='word_1_115' title='bbox 616 2129 689 2184; x_wconf 88' lang='lat' dir='ltr'>eos,</span> <span class='ocrx_word' id='word_1_116' title='bbox 705 2126 738 2169; x_wconf 90' lang='lat' dir='ltr'>ut</span> <span class='ocrx_word' id='word_1_117' title='bbox 756 2107 916 2180; x_wconf 85' lang='lat' dir='ltr'>libentissi-</span> 
     </span>
     <span class='ocr_line' id='line_1_22' title="bbox 237 2187 916 2273; baseline 0.004 -24"><span class='ocrx_word' id='word_1_118' title='bbox 237 2189 285 2249; x_wconf 69' lang='lat' dir='ltr'>mi</span> <span class='ocrx_word' id='word_1_119' title='bbox 306 2191 409 2258; x_wconf 88' lang='lat' dir='ltr'>iniret&#39;,</span> <span class='ocrx_word' id='word_1_120' title='bbox 434 2189 473 2248; x_wconf 84' lang='lat' dir='ltr'>ita</span> <span class='ocrx_word' id='word_1_121' title='bbox 496 2187 589 2249; x_wconf 85' lang='lat' dir='ltr'>finiret</span> <span class='ocrx_word' id='word_1_122' title='bbox 613 2211 697 2273; x_wconf 85' lang='lat' dir='ltr'>aequo</span> <span class='ocrx_word' id='word_1_123' title='bbox 719 2192 838 2266; x_wconf 78' lang='lat' dir='ltr'>artimo3</span> <span class='ocrx_word' id='word_1_124' title='bbox 858 2191 916 2266; x_wconf 69' lang='lat' dir='ltr'>bt,</span> 
     </span>
     <span class='ocr_line' id='line_1_23' title="bbox 259 2266 917 2351; baseline 0.009 -23"><span class='ocrx_word' id='word_1_125' title='bbox 259 2269 318 2329; x_wconf 91' lang='lat' dir='ltr'>uod</span> <span class='ocrx_word' id='word_1_126' title='bbox 334 2266 453 2351; x_wconf 75' lang='lat' dir='ltr'>cupisset</span> <span class='ocrx_word' id='word_1_127' title='bbox 469 2269 583 2331; x_wconf 85' lang='lat' dir='ltr'>arbitrio</span> <span class='ocrx_word' id='word_1_128' title='bbox 599 2269 651 2332; x_wconf 90' lang='lat' dir='ltr'>suo</span> <span class='ocrx_word' id='word_1_129' title='bbox 668 2269 778 2332; x_wconf 79' lang='lat' dir='ltr'>sumere</span> <span class='ocrx_word' id='word_1_130' title='bbox 792 2315 801 2345; x_wconf 94' lang='lat'><strong>,</strong></span> <span class='ocrx_word' id='word_1_131' title='bbox 817 2272 917 2334; x_wconf 87' lang='lat' dir='ltr'>alieno</span> 
     </span>
     <span class='ocr_line' id='line_1_24' title="bbox 160 2291 917 2434; baseline 0.005 -25"><span class='ocrx_word' id='word_1_132' title='bbox 160 2426 163 2430; x_wconf 10' lang='grc' dir='ltr'>ἢ</span> <span class='ocrx_word' id='word_1_133' title='bbox 237 2291 408 2431; x_wconf 59' lang='lat' dir='ltr'>ieponeret.</span> <span class='ocrx_word' id='word_1_134' title='bbox 427 2348 465 2410; x_wconf 83' lang='lat' dir='ltr'>Et</span> <span class='ocrx_word' id='word_1_135' title='bbox 482 2349 616 2411; x_wconf 87' lang='lat' dir='ltr'>Lucullus</span> <span class='ocrx_word' id='word_1_136' title='bbox 634 2395 643 2423; x_wconf 89' lang='lat'><strong>,</strong></span> <span class='ocrx_word' id='word_1_137' title='bbox 660 2349 785 2410; x_wconf 80' lang='lat' dir='ltr'>summus</span> <span class='ocrx_word' id='word_1_138' title='bbox 803 2352 917 2434; x_wconf 83' lang='lat' dir='ltr'>alioqui</span> 
     </span>
     <span class='ocr_line' id='line_1_25' title="bbox 237 2429 919 2512; baseline 0.004 -21"><span class='ocrx_word' id='word_1_139' title='bbox 237 2432 281 2491; x_wconf 83' lang='lat' dir='ltr'>vir</span> <span class='ocrx_word' id='word_1_140' title='bbox 291 2473 300 2503; x_wconf 94' lang='lat'><strong>,</strong></span> <span class='ocrx_word' id='word_1_141' title='bbox 312 2429 433 2512; x_wconf 78' lang='lat' dir='ltr'>profusae</span> <span class='ocrx_word' id='word_1_142' title='bbox 444 2429 528 2510; x_wconf 74' lang='lat' dir='ltr'>liujus</span> <span class='ocrx_word' id='word_1_143' title='bbox 545 2434 574 2490; x_wconf 88' lang='lat' dir='ltr'>in</span> <span class='ocrx_word' id='word_1_144' title='bbox 586 2429 713 2492; x_wconf 75' lang='lat' dir='ltr'>edificiis</span> <span class='ocrx_word' id='word_1_145' title='bbox 725 2431 919 2494; x_wconf 73' lang='lat' dir='ltr'>conviblibus·</span> 
     </span>
     <span class='ocr_line' id='line_1_26' title="bbox 259 2512 919 2594; baseline 0.008 -24"><span class='ocrx_word' id='word_1_146' title='bbox 259 2531 294 2570; x_wconf 89' lang='lat' dir='ltr'>ue</span> <span class='ocrx_word' id='word_1_147' title='bbox 312 2513 538 2593; x_wconf 82' lang='lat' dir='ltr'>&amp;apparatibus</span> <span class='ocrx_word' id='word_1_148' title='bbox 557 2512 673 2572; x_wconf 82' lang='lat' dir='ltr'>luxuriae</span> <span class='ocrx_word' id='word_1_149' title='bbox 691 2513 799 2594; x_wconf 82' lang='lat' dir='ltr'>primus</span> <span class='ocrx_word' id='word_1_150' title='bbox 816 2512 919 2575; x_wconf 68' lang='lat' dir='ltr'>aubior</span> 
     </span>
     <span class='ocr_line' id='line_1_27' title="bbox 235 2532 920 2674; baseline 0.01 -24"><span class='ocrx_word' id='word_1_151' title='bbox 235 2532 290 2650; x_wconf 62' lang='lat' dir='ltr'>itit</span> <span class='ocrx_word' id='word_1_152' title='bbox 301 2612 309 2650; x_wconf 82' lang='lat' dir='ltr'>t</span> <span class='ocrx_word' id='word_1_153' title='bbox 322 2601 409 2672; x_wconf 80' lang='lat' dir='ltr'>quent</span> <span class='ocrx_word' id='word_1_154' title='bbox 423 2592 462 2652; x_wconf 91' lang='lat' dir='ltr'>ob</span> <span class='ocrx_word' id='word_1_155' title='bbox 476 2590 594 2674; x_wconf 69' lang='lat' dir='ltr'>injebias</span> <span class='ocrx_word' id='word_1_156' title='bbox 609 2593 702 2652; x_wconf 86' lang='lat' dir='ltr'>moles</span> <span class='ocrx_word' id='word_1_157' title='bbox 714 2594 784 2650; x_wconf 83' lang='lat' dir='ltr'>mari</span> <span class='ocrx_word' id='word_1_158' title='bbox 796 2636 807 2668; x_wconf 88' lang='lat'><strong>,</strong></span> <span class='ocrx_word' id='word_1_159' title='bbox 822 2595 856 2656; x_wconf 87' lang='lat'>&amp;</span> <span class='ocrx_word' id='word_1_160' title='bbox 867 2616 920 2656; x_wconf 79' lang='lat' dir='ltr'>re·</span> 
     </span>
     <span class='ocr_line' id='line_1_28' title="bbox 240 2670 919 2752; baseline 0.009 -22"><span class='ocrx_word' id='word_1_161' title='bbox 240 2687 357 2750; x_wconf 86' lang='lat' dir='ltr'>ceptum</span> <span class='ocrx_word' id='word_1_162' title='bbox 372 2670 496 2732; x_wconf 86' lang='lat' dir='ltr'>suffossis</span> <span class='ocrx_word' id='word_1_163' title='bbox 511 2673 657 2733; x_wconf 89' lang='lat' dir='ltr'>montibus</span> <span class='ocrx_word' id='word_1_164' title='bbox 671 2673 700 2730; x_wconf 91' lang='lat' dir='ltr'>in</span> <span class='ocrx_word' id='word_1_165' title='bbox 712 2689 803 2732; x_wconf 82' lang='lat' dir='ltr'>terras</span> <span class='ocrx_word' id='word_1_166' title='bbox 815 2693 919 2752; x_wconf 86' lang='lat' dir='ltr'>mare,</span> 
     </span>
     <span class='ocr_line' id='line_1_29' title="bbox 235 2751 921 2836; baseline 0.013 -25"><span class='ocrx_word' id='word_1_167' title='bbox 235 2751 315 2811; x_wconf 84' lang='lat' dir='ltr'>lraud</span> <span class='ocrx_word' id='word_1_168' title='bbox 337 2751 457 2813; x_wconf 71' lang='lat' dir='ltr'>infacete</span> <span class='ocrx_word' id='word_1_169' title='bbox 478 2753 600 2814; x_wconf 82' lang='lat' dir='ltr'>Manus</span> <span class='ocrx_word' id='word_1_170' title='bbox 621 2752 774 2836; x_wconf 84' lang='lat' dir='ltr'>Pompeius</span> <span class='ocrx_word' id='word_1_171' title='bbox 795 2753 921 2820; x_wconf 77' lang='lat' dir='ltr'>Xerxen</span> 
     </span>
     <span class='ocr_line' id='line_1_30' title="bbox 238 2848 763 2916; baseline 0.008 -22"><span class='ocrx_word' id='word_1_172' title='bbox 238 2848 370 2916; x_wconf 83' lang='lat' dir='ltr'>togatum</span> <span class='ocrx_word' id='word_1_173' title='bbox 382 2854 489 2897; x_wconf 81' lang='lat' dir='ltr'>vocare</span> <span class='ocrx_word' id='word_1_174' title='bbox 540 2851 670 2898; x_wconf 80' lang='lat' dir='ltr'>neverat.</span> <span class='ocrx_word' id='word_1_175' title='bbox 761 2895 763 2903; x_wconf 80' lang='grc'>,</span> 
     </span>
    </p>
   </div>
   <div class='ocr_carea' id='block_1_5' title="bbox 0 0 1013 3620">
    <p class='ocr_par' dir='ltr' id='par_1_5' title="bbox 0 0 1013 3620">
     <span class='ocr_line' id='line_1_31' title="bbox 0 0 1013 3620; baseline 0 0"><span class='ocrx_word' id='word_1_176' title='bbox 0 0 1013 3620; x_wconf 95' lang='lat' dir='ltr'> </span> 
     </span>
    </p>
   </div>
  </div>
 </body>
</html>
