2014 3620
266 348 312 424 30
392 323 428 395 C.
457 325 591 395 Vana.
617 325 818 395 Paeane.

262 466 368 528 corpus
396 443 490 506 velato
515 443 608 524 capite
634 443 742 518 elatum
767 440 833 516 est,
857 441 940 524 cujus

262 527 353 609 operi
366 523 451 608 super
461 540 557 586 totum
571 539 711 584 terrarum
726 524 829 586 orbern
844 523 942 588 Roma

263 606 402 668 extulerat
421 621 515 687 caput.
536 603 593 664 Seu
614 603 750 676 fatalem,
769 624 802 666 ut
823 605 940 688 plures,

261 685 312 752 seu
327 687 480 749 conflatam
493 684 622 760 insidiis,
637 702 668 745 ut
684 687 771 768 aliqui
783 687 939 769 prodidere

258 769 432 848 memorie,
447 783 571 828 mortem
586 767 677 840 obiit3
693 767 785 828 viram
801 769 880 829 certe
896 769 939 829 di-

263 851 429 932 gnissimam
449 849 529 930 egit,
550 869 613 930 quae
631 847 735 907 nullius
754 847 790 907 ad
810 849 840 908 id
861 866 940 910 rem·

263 931 342 1010 poris
363 946 552 1011 praeterquam
572 931 651 988 avito
670 927 783 1010 fulgore
801 931 940 990 vincere·

262 1027 319 1072 tur.
337 1007 472 1071 Decessit
494 1031 569 1070 anno
591 1007 681 1068 ferme
703 1010 939 1092 quinquagesimo

263 1089 344 1152 sexto
360 1113 368 1151 :
385 1091 422 1152 de
442 1109 499 1172 quo
519 1091 542 1149 si
562 1091 624 1170 quis
644 1088 793 1170 ambiget,
814 1107 940 1152 recurrat

262 1172 300 1231 ad
326 1173 452 1252 priorem
477 1167 652 1230 consulatum
679 1166 769 1250 ejus,
795 1169 826 1228 in
854 1190 941 1252 quem

262 1267 376 1312 creatus
393 1249 433 1310 est
452 1269 527 1310 anno
547 1251 693 1333 trigesimo
709 1246 790 1310 sexto
805 1249 870 1310 :ita
891 1249 942 1314 du·

262 1332 354 1393 bitate
376 1330 496 1392 desinet.

302 1411 342 1472 V.
370 1409 448 1472 Ante
475 1427 535 1475 ‚tem
557 1429 590 1470 us
619 1407 717 1470 excisae
744 1405 941 1488 Numantiae,

261 1491 400 1574 ptaeclara
430 1494 460 1552 in
490 1431 627 1574 Hiipiania
664 1489 766 1550 militia
795 1489 835 1552 A.
858 1491 940 1553 Bruti

262 1573 317 1633 suit
338 1595 346 1632 ε
366 1574 436 1656 qui,
459 1573 614 1654 penetratis
635 1571 770 1631 omnibus
794 1569 941 1653 Hispaniae

264 1652 418 1736 gentibus,
439 1655 547 1734 ingenti
567 1653 598 1713 vi
617 1650 789 1725 hominum,
807 1653 942 1713 urbium-

264 1753 321 1814 que
333 1736 441 1815 putitus
451 1753 571 1795 numero
582 1775 592 1804 ,
604 1732 686 1792 aditis
703 1750 766 1814 quae
777 1733 828 1792 vix
844 1733 941 1794 audita

264 1833 366 1890 erant,
381 1811 500 1876 Gallaeci
514 1831 676 1896 cognomen
695 1813 809 1872 meruit.
822 1810 858 1873 Et
877 1832 943 1874 anre

263 1917 333 1956 eum
354 1897 450 1977 paucis
469 1895 550 1954 annis
567 1911 627 1954 tam
647 1891 779 1954 severum
798 1893 873 1952 illius
894 1891 941 1974 Q.

261 1975 451 2036 'Macedonici
464 1975 493 2032 in
505 1975 547 2033 his
559 1974 688 2054 gentibus
704 1975 858 2054 imperium
871 1971 943 2049 fuit,

263 2073 317 2128 ut,
337 2075 425 2138 quum
443 2053 545 2114 urbem
565 2051 752 2114 Contrebiam
771 2057 891 2115 nomine
911 2055 943 2116 in

255 2133 399 2218 'Hispania
413 2150 615 2216 oppugnaret,
633 2133 724 2274 pulsas
739 2136 880 2228 pfaecipiti
895 2135 943 2196 lo-

263 2225 301 2276 co
325 2218 451 2303 quinque
475 2215 609 2276 cohortes
646 2217 803 2298 egionanas
832 2213 944 2278 eddem

264 2300 393 2382 protinus
422 2294 515 2358 subire
546 2292 681 2374 juberet,
713 2294 943 2378 facientibusque

263 2379 397 2438 omnibus
418 2379 448 2437 in
470 2375 617 2458 procinsiu
639 2375 831 2448 testamenta,
857 2377 945 2438 velut

261 2458 300 2518 sd
324 2474 433 2518 certam
456 2475 581 2519 mortem
604 2455 730 2518 eundum
753 2455 852 2530 soret,
879 2477 945 2519 nort

262 2537 416 2599 'deterritus
428 2539 599 2619 proposito,
617 2536 825 2620 perseverantia
840 2535 946 2614 ducis,

263 2637 352 2699 quem
369 2621 540 2678 moriturum
554 2617 666 2678 miserat
681 2619 802 2678 militem
815 2659 827 2688 ,
845 2613 947 2680 visto-

262 2717 326 2758 tem
336 2700 454 2779 recepit.
461 2697 594 2759 vTantum
609 2697 705 2760 effecit
718 2699 825 2758 mixtus
839 2699 947 2760 timori

263 2775 372 2862 pudor,
388 2777 505 2864 spesque
518 2777 714 2862 desperatione
732 2780 862 2863 quesita.
882 2776 947 2843 Hic
