2020 3618
270 306 417 376 Hrsrr.
437 306 591 390 Lruan
617 306 676 376 11.
734 327 804 408 r3p

123 422 167 484 sui
194 442 305 484 morata
327 425 357 482 in
378 422 461 486 Urbe
483 425 602 504 patria,
621 425 751 505 protinus
773 428 807 488 in·

124 502 312 566 Germaniam
325 506 402 565 misit
412 547 425 576 ,
442 503 491 564 ubi
506 522 572 564 ante
585 507 738 566 triennium
751 505 808 566 suls

123 583 170 646 Μ.
190 585 332 658 Vinicio,
351 606 411 645 avo
435 602 509 657 tuo,
531 585 691 645 clarissimo
713 588 779 646 viro
791 627 808 659 ,

121 664 296 728 immensum
315 663 457 726 exarserat
477 665 586 726 bellum
604 686 612 726 ε
631 683 692 726 erat
710 667 743 728 δι
764 668 808 730 εὼ

123 767 161 808 eo
177 744 342 828 quibusdam
356 748 385 805 in
403 746 475 807 locis
490 745 624 828 gestum,
633 745 803 829 quibusdam
832 791 834 794 -

121 825 306 894 sustentatum
328 826 474 898 feliciter,
497 847 593 906 eoque
612 830 730 888 nomine
749 828 802 888 de·

121 925 206 970 arcta
231 911 258 968 ei
288 927 355 968 cum
385 905 593 988 speciosissima
620 905 809 988 inscriptione

121 1008 247 1070 operum
259 1005 432 1048 ornamenta
445 987 636 1068 triumphalia.
649 987 716 1048 Hoc
728 1002 807 1048 tem·

121 1090 177 1151 pus
198 1089 245 1128 nte
263 1111 274 1140 ,
293 1067 424 1129 sunslum·
441 1067 508 1128 ante
528 1068 673 1130 tribunatu
695 1067 810 1130 cellro*

122 1170 212 1224 rum,
223 1148 293 1210 Tib.
310 1147 428 1210 Caesaris
446 1149 566 1208 militem
583 1147 653 1208 fecit
666 1169 679 1208 :⁴
693 1151 809 1230 quippe

145 1231 254 1290 rotinus
271 1229 306 1288 ab
318 1230 476 1310 adoptione
488 1227 662 1290 missuscum
677 1249 713 1290 eo
729 1251 808 1310 prae*

121 1252 212 1371 sedus
235 1313 364 1392 equitum
384 1312 413 1369 in
431 1308 618 1372 Germ-aniam
629 1354 640 1382 ,
663 1308 810 1373 successor

121 1388 212 1452 officii
235 1391 430 1472 patris'mei,
452 1389 717 1452 coelestissitnorum
739 1391 808 1472 ejus.

120 1491 331 1553 operum,per
339 1491 430 1532 annos
440 1475 591 1532 continuos
607 1491 717 1534 novem
729 1493 806 1553 prae·

120 1551 212 1614 sedus
230 1569 278 1612 aut
294 1552 403 1635 legatus
415 1596 432 1624 ,
444 1548 584 1634 speclator
600 1554 632 1614 δι
668 1573 700 1612 ro
715 1569 808 1634 captu.

119 1633 329 1694 mediocritatis
346 1654 418 1694 mere
436 1631 550 1712 adjutor
567 1631 616 1694 fuir
635 1575 741 1714 lleque
758 1634 803 1694 illi·

119 1712 302 1855 ffeslaculo,
322 1735 381 1796 quo
398 1714 501 1774 fruitus
517 1712 604 1785 sum,
615 1714 711 1774 simile
729 1734 805 1774 con·

142 1817 151 1854 ι

153 1798 195 1855 tio
207 1795 333 1856 mortalis
345 1796 472 1875 recipere
482 1794 597 1854 videtur
610 1793 699 1864 mihi-3
710 1814 806 1874 quum

119 1896 174 1958 per
194 1869 410 1936 celeberrimam
427 1873 515 1934 ltaliae
533 1891 643 1954 partem
655 1915 666 1945 ,
678 1874 711 1934 δι
728 1890 809 1936 trac-

119 1973 183 2017 tum
201 1974 319 2015 ornnem
339 1953 444 2017 Galliae
460 1957 677 2036 provinciarum
687 1999 704 2026 ,
715 1972 804 2016 vete·

118 2056 184 2098 rem
200 2039 425 2116 imperatorem,
440 2036 473 2096 δι
487 2035 552 2095 ante
572 2037 680 2096 meritis
692 2057 726 2096 at
738 2039 807 2096 vir·

118 2117 247 2190 tutibus,
262 2116 353 2200 quim
363 2119 500 2190 nomine,
514 2114 656 2178 Caesarem
672 2115 806 2178 reviscn*

118 2214 187 2272 tes,
206 2198 260 2260 sibi
280 2198 424 2280 quisque,
459 2198 527 2258 oiim
542 2197 583 2258 illi
595 2239 611 2268 ,
624 2197 800 2278 gratularen-

118 2294 167 2340 tur
189 2277 309 2358 plenius.
332 2279 374 2340 At
398 2221 471 2338 vell
495 2279 618 2338 militum
642 2275 803 2356 conspesltn

119 2356 184 2438 ej'us
194 2359 297 2419 elicitae
308 2359 411 2440 gaudio
425 2357 584 2437 lacrymae,
597 2356 808 2438 alacritasque,

120 2440 156 2501 ἃ
178 2437 351 2500 salutationis
373 2459 452 2500 nova
472 2437 603 2518 quaedam
628 2435 777 2498 exsultatio
790 2479 807 2511 ,

119 2521 155 2583 ὃ(
182 2519 373 2601 contingendi
396 2540 512 2580 manum
540 2517 713 2598 cupiditas,
740 2539 808 2578 nom

119 2601 331 2660 continentium
352 2604 480 2682 protinus
492 2643 508 2669 ,
520 2600 594 2679 quin·
613 2597 770 2677 adjicerent
786 2621 800 2658 τ

122 2684 252 2744 Videmus
269 2697 317 2752 te,
330 2685 476 2764 imperator
485 2681 496 2740 l
502 2677 616 2756 ,saluum
630 2682 774 2761 recepimus
786 2679 808 2738 f

117 2761 301 2839 acdeinde,
312 2765 373 2846 Em
391 2783 479 2827 tecum
489 2760 810 2844 ,Imperatorfl'ah-
