2020 3618
277 245 417 318 Hm.
441 248 599 316 Lissn
624 248 679 318 II.
741 269 810 354 ¹55

127 385 186 430 net
213 362 291 450 segni
313 364 499 448 providentii
519 365 591 438 usi,
613 364 814 450 speculatique

127 449 397 532 opportunitatem,
414 444 491 507 ferro
512 446 564 506 sibi
580 447 617 506 ad
635 445 700 507 suos
717 469 754 529 pe
777 468 810 507 e-

127 550 193 590 rere
208 528 340 588 reditum.
354 525 398 586 Ex
416 547 474 611 quo
487 545 606 610 apparet
619 525 729 588 Varum
743 470 808 590 gne

125 629 248 692 gravem
263 611 296 670 &
312 608 397 668 bouae
410 607 568 669 voluntatis
584 609 700 682 virum,
714 610 810 691 magis·

124 690 309 771 imperatoris
321 687 464 749 defetlum
483 689 626 762 consilio,
645 688 731 770 quim
747 691 807 750 vir·

123 787 187 832 tute
205 768 371 832 destitutum
388 769 533 839 militum,
552 767 603 843 le,
621 767 807 850 magnificen-

122 851 326 932 tissimulnque
342 845 496 930 perdidiffe
514 851 681 908 exercitum.
699 847 808 928 Quum

122 933 156 993 in
175 931 306 1013 captivos
324 928 470 990 saeviretur
487 949 504 988 a
522 925 677 1006 Germanis
694 971 707 998 ‚
730 952 805 1010 pree·

122 1011 192 1074 clari
208 1010 344 1072 facinoris
363 1007 461 1070 atuor
477 1007 531 1068 fuit
551 1007 661 1070 Caldus
672 1005 805 1084 Coelius,

121 1091 264 1156 vetustate
292 1087 408 1152 familiae
421 1087 489 1152 'suae
516 1089 727 1172 dignissimus;
753 1093 804 1172 qui

122 1173 293 1256 complexus
325 1190 490 1233 catenarum
513 1213 525 1244 ,
557 1171 661 1253 quibus
692 1170 805 1234 vintius

122 1257 208 1325 erat,
234 1252 358 1324 seriem,
379 1254 418 1312 ita
439 1251 501 1314 illas
520 1250 599 1313 illisit
617 1252 706 1332 capiti
725 1249 804 1325 suo,

120 1351 154 1396 ut
178 1335 310 1416 protinus
333 1334 439 1414 pariter
460 1331 607 1416 sanguinis
633 1331 805 1417 cerebrique

119 1415 242 1479 influvio
263 1413 315 1476 exs
330 1415 425 1476 iraret.

164 1493 294 1558 cxxi.
311 1437 428 1556 iisdem
451 1494 484 1558 δι
511 1494 602 1557 virtus
628 1493 661 1556 &
687 1493 804 1561 fortuna

119 1573 299 1658 subsequenti
316 1591 449 1657 tempore
468 1573 589 1660 ingressa
606 1577 732 1638 animum'
747 1580 804 1636 im·

118 1661 259 1740 peratoris
274 1655 387 1718 Tiberii
406 1656 483 1729 fuit,
504 1679 569 1737 quae
587 1659 668 1716 initio
686 1655 804 1730 fiterat3

119 1740 169 1820 qui
195 1739 341 1798 concussis
366 1734 492 1796 hostium
518 1733 654 1808 viribus,
676 1736 803 1796 classicis

118 1817 310 1900 peditumque
340 1813 607 1898 expeditionibus,
636 1837 727 1898 quum
754 1835 802 1876 res

118 1897 280 1960 Galliarum
311 1901 443 1958 maximae
469 1896 587 1971 molis,
615 1895 802 1979 accensasque

116 1979 212 2062 plebis
229 1977 438 2040 Viennensium
456 1976 646 2038 dissensiones
662 2022 673 2052 ‚
691 1977 803 2039 coerci-

85 2095 88 2102 ‹
116 2061 197 2141 tione
215 2061 304 2147 magis
322 2058 409 2142 quium
426 2060 516 2140 poeni
535 2057 692 2135 mollillet3
710 2061 743 2122 δι
758 2056 802 2120 se-

115 2158 199 2201 natus
227 2139 410 2224 populusque
437 2139 589 2209 Romanus
611 2139 805 2236 (pollulante

115 2239 197 2303 patre
217 2217 305 2302 ejus)
323 2236 354 2281 ut
370 2239 487 2300 aequum
507 2221 534 2284 ei
552 2217 598 2299 jus
617 2241 647 2278 sn
666 2219 802 2280 omnibus

114 2301 275 2398 provinciis
293 2297 522 2381 exercitibusque
539 2297 627 2372 ellet,
639 2298 726 2382 quim
741 2315 802 2361 erat

114 2405 124 2442 ι
147 2383 191 2453 si,
203 2382 323 2445 decreto
338 2380 510 2462 complexus
524 2377 593 2447 esset
628 2383 735 2443 etenim
750 2379 802 2440 ab·

113 2404 232 2526 Abdum
251 2477 334 2536 erat,
350 2483 411 2524 non
434 2459 492 2526 effe
514 2458 566 2529 sub
583 2461 604 2519 il
617 2483 657 2534 ο,
677 2481 742 2543 quae
763 2459 817 2528 ab,

112 2543 167 2606 illo
190 2541 439 2618 vindieabantur3
460 2543 493 2608 bt
515 2542 565 2623 qui
585 2539 622 2612 ad
644 2563 663 2617 ρ
686 2543 734 2602 'em
755 2539 801 2603 fe·

112 2623 235 2694 rendam
250 2623 360 2705 primus
375 2639 456 2697 etat,
469 2621 506 2696 ad
524 2565 732 2693 vindicanium
746 2621 801 2684 ho·

111 2725 218 2770 uorem
239 2723 303 2766 nou·
325 2701 449 2784 judicari
471 2699 798 2864 pprem3lgnvjllrbem
