2020 3618
221 339 273 414 90
349 318 384 387 C.
413 318 541 386 Vaut.
566 315 764 388 Parcae.

220 440 307 521 gine,
323 435 433 502 etiamsi
451 435 627 516 praeventis,
642 435 674 496 δι
692 455 785 514 pauca
799 433 914 501 dicem·
1007 435 1009 478 l

221 521 259 579 da
276 518 348 578 sunt.
368 516 434 577 Fuit
451 512 487 576 C.
506 511 664 584 Odiavius,
680 533 711 576 ut
730 537 790 575 non
811 520 909 598 patti-
1007 523 1008 526 ’

220 600 285 670 cii,
304 601 343 657 ita
359 596 518 670 admodum
534 593 664 675 speciosi
681 594 806 677 equestri
820 601 907 680 geni-

220 696 265 740 tus
288 677 420 750 familia,
445 678 565 758 gravis,
583 673 717 751 sanctus,
737 680 906 752 innocens,

221 761 315 820 dives.
328 757 384 818 Hic
404 775 509 840 praetor
524 759 599 817 inter
611 757 807 818 nobilissimos
820 761 905 820 viros

217 857 352 914 creatus,
377 841 471 920 primo
491 838 587 910 loco,
608 857 696 920 quum
721 840 748 898 ei
769 838 904 921 dignatio
1001 869 1004 876 ·

219 918 294 981 Julia
306 921 432 1002 genitam
446 919 556 980 Atriam
572 916 745 979 conciliallet
755 939 902 994 uxorem,

220 1021 258 1060 ex
277 1019 313 1060 eo
335 1001 447 1061 honore
467 997 581 1059 sortitus
602 997 831 1074 Macedoniam,
852 1022 904 1082 ap-

220 1078 404 1164 pellatusque·
414 1083 443 1140 in
460 1081 494 1140 eh
511 1081 550 1138 im
573 1097 667 1138 eratot
676 1100 689 1153 3
705 1079 851 1140 decedens
864 1082 903 1141 ad

219 1164 393 1244 petitionem
417 1100 578 1221 consularis
604 1159 700 1231 obiit,
725 1177 901 1249 praetextato

220 1241 321 1303 relidlo
339 1239 419 1310 filio,
456 1261 525 1300 uem
543 1235 579 1300 C.
597 1237 709 1308 Cesar,
726 1261 821 1320 major

219 1319 399 1392 avunculus,
414 1262 569 1382 educatum
581 1319 657 1401 apud
669 1261 903 1402 Philippumel'i·

219 1405 345 1476 tticum,
363 1401 463 1462 dilexit
473 1419 508 1462 ut
524 1399 623 1474 suurn,
634 1419 791 1484 natumque
808 1423 903 1479 annos

220 1481 383 1544 odiodecim
394 1528 403 1553 ,
416 1479 608 1561 Hispaniensis
620 1481 729 1542 militiae
742 1479 902 1544 assecutum

219 1561 250 1622 se
266 1561 366 1644 postea
383 1564 522 1622 comitem
539 1562 658 1636 habuit,
675 1583 834 1646 numquam
853 1582 910 1625 aut·
1007 1585 1009 1594 ‘

220 1643 276 1704 alio
299 1641 380 1704 ulum
406 1641 462 1702 hos
480 1643 552 1716 itio,
571 1641 658 1722 quam
677 1641 748 1714 suo,
774 1661 822 1704 aut
841 1643 902 1706 alio

219 1722 335 1784 vedum
359 1665 493 1784 vehiculo
516 1744 525 1797 3
548 1721 786 1805 pontificatusque
808 1723 904 1785 sacer-

221 1805 303 1870 dotio
319 1825 441 1886 puerum
458 1804 623 1866 honoravit.
641 1803 677 1866 Et
692 1806 799 1886 pacatis
815 1805 903 1867 bellis

221 1887 373 1958 civilibus,
392 1887 428 1945 ad
453 1884 641 1946 erudiendum
660 1885 821 1984 liberpibus
843 1885 907 1946 dis-

221 1968 332 2048 ciplinis
348 1965 496 2047 singularis
511 1966 640 2026 indolem
657 1965 791 2045 juvenrs,
806 1965 905 2048 Apol·

221 2048 329 2107 loniam
350 2066 417 2105 eum
436 2048 465 2104 in
484 2043 575 2105 studia
591 2044 723 2120 miserat,
740 2067 812 2107 mox
829 2047 909 2109 belli·

221 2124 320 2188 Getici
338 2147 371 2184 ac
393 2125 499 2185 deinde
518 2125 637 2186 Parthici
658 2127 803 2188 habiturus
819 2149 905 2188 com·

221 2205 392 2267 militonem.
410 2203 467 2268 Cui
485 2221 517 2266 ut
536 2203 577 2266 est
589 2209 749 2268 nuntiatum
767 2209 804 2268 de
818 2211 903 2271 caede

221 2287 355 2350 avunculi
367 2330 376 2358 ‚
390 2307 479 2368 quum
497 2291 625 2370 protinus
638 2308 674 2348 ex
691 2289 791 2350 vicinis
806 2288 903 2372 legio-

220 2368 304 2428 nibus
326 2369 508 2429 centuriones
531 2367 609 2430 suam
632 2367 804 2451 suorumque
826 2371 906 2430 mili·

220 2464 282 2506 tum
299 2468 419 2528 operam
433 2450 459 2508 ei
478 2449 704 2528 pollicerentur,
719 2471 816 2531 neque
833 2471 904 2512 eam

220 2526 409 2606 spernendam
429 2527 653 2592 Salvidienus&
669 2529 762 2612 Agrip
784 2552 800 2589 a
819 2530 907 2592 dice·¹

196 2651 202 2664 .
221 2624 285 2668 rent
294 2651 306 2678 ,
325 2609 373 2670 ille
393 2607 526 2672 festinans
549 2613 699 2692 pervenite
718 2614 748 2672 in
797 2611 905 2686 rbem,

222 2708 342 2749 ornnem
365 2691 576 2752 ordinationem
601 2693 632 2752 ὅ(
656 2693 735 2751 necis
758 2693 790 2757 ὅ(
812 2691 907 2752 tella·

222 2771 311 2834 menti
326 2769 468 2836 Brundisii
486 2775 637 2857 comperit.
657 2769 714 2834 Cui
731 2772 905 2836 adventanti
