2014 3620
235 288 279 392 58
357 288 393 362 C.
421 291 554 360 Vaut.
578 253 780 370 Prieni.

232 408 409 474 deliissimus
418 429 429 483 3
439 407 625 476 amicitiarum
634 424 736 482 tenax,
748 407 777 468 in
788 403 914 480 ‚offensis

234 490 407 562 exorabilis,
421 491 451 548 in
468 487 678 548 reconcilianda
713 490 782 550 ratia
798 487 912 550 fidelis.-

231 575 340 644 simus,
360 572 390 630 in
411 568 579 650 accipienda
596 565 689 628 satisfa
716 571 782 630 'one
803 568 912 632 facilli·

231 673 295 716 mus
310 672 321 725 ;
338 649 470 733 potentii
486 647 534 708 lui
549 669 706 731 numquam
723 667 772 710 aut
788 651 853 712 rari>
870 649 912 714 ad

231 727 525 814 impotentiam-usus,
539 749 614 811 pene
630 731 759 792 omnium
770 733 912 794 vitiorum

231 833 362 895 expers,
379 812 433 873 nisi
451 828 647 872 numeraretur
667 814 741 872 inter
761 815 910 887 maxima,

230 895 261 954 in
274 894 389 955 civitate
406 892 497 954 libera
513 892 686 974 dominaque
701 894 853 983 gentium,
866 895 917 966 inq
956 917 958 922 ·

170 994 173 998 ·
231 974 361 1058 dignari,
382 994 471 1056 quum
487 993 589 1034 omnes
606 975 686 1034 cives
705 993 767 1052 jure
787 974 911 1036 haberer

254 1076 317 1118 ares
328 1099 340 1128 ,
350 1075 524 1139 quemquam
535 1053 674 1136 aequalcm
686 1054 821 1137 <lignitate
835 1075 910 1116 cun·

231 1075 349 1233 lpicere.
366 1136 422 1198 Hic
439 1158 456 1196 a
472 1149 540 1217 toga
554 1137 633 1198 virili
648 1133 767 1196 assuerus
781 1137 910 1196 commi·

230 1218 295 1287 irtio
311 1216 526 1300 prudentissimi
540 1215 621 1277 ducis
638 1217 764 1296 parentis
780 1214 839 1289 sui,
851 1217 909 1278 bo-

230 1317 302 1360 num
314 1298 347 1360 δι
359 1317 449 1379 capax
465 1295 542 1356 teila
553 1295 680 1358 discendi
693 1298 839 1379 ingenium
851 1298 910 1358 sin·

229 1377 321 1519 helari
341 1397 438 1438 rerum
459 1377 624 1438 militarium
643 1377 795 1459 prudentii
815 1398 909 1440 exce·

262 1459 284 1518 it
304 1499 315 1532 ,
335 1475 367 1518 ur
392 1479 409 1520 a
433 1454 561 1518 Sertorio
584 1456 722 1520 Metellus
745 1457 909 1521 landaretur

298 1539 342 1609 ἐ,
357 1536 511 1620 Pompeius
527 1541 677 1600 timeretur
693 1538 826 1601 validius.

305 1617 376 1680 XX.
397 1615 477 1679 Turn
497 1617 541 1681 M.
560 1619 703 1700 Perperna
719 1620 870 1699 praetorius
888 1639 908 1681 e

252 1698 413 1782 rescriptis,
432 1701 524 1784 gentis
545 1700 672 1760 clarioris
692 1697 778 1781 quim
798 1702 907 1774 animi,

228 1721 388 1842 §emerium
406 1781 481 1842 inter
499 1801 612 1841 coenam
629 1776 713 1840 Oscae
735 1781 905 1856 interemit;

229 1859 373 1924 Romanis
408 1859 555 1923 ecetram
580 1859 755 1932 villoriam,
778 1861 906 1942 partibus

229 1939 286 2004 suis
305 1883 472 2014 excillum,
492 1943 547 2002 sibi
562 1943 758 2022 turpissimam
777 1958 907 2008 mortem

252 2025 358 2086 essimo
380 2020 538 2082 auiioravit
557 2021 694 2082 facinore.
712 2020 850 2083 Metellus
872 2025 907 2086 &

226 2043 384 2183 Bompeius
403 2122 441 2162 ex
459 2099 589 2183 Hispanis
606 2101 816 2183 triumpharunt
829 2123 840 2176 ;
855 2101 906 2164 sed
984 2164 987 2169 ,

226 2180 385 2264 Pompeius
406 2181 462 2242 hoc
481 2202 598 2265 quoque
618 2182 787 2265 triumpho,
809 2183 905 2250 adhuc

228 2281 318 2347 eques
334 2262 481 2328 Romanus
494 2283 505 2337 ,·
520 2281 586 2326 ante
603 2263 681 2324 diem
699 2263 785 2346 quirat
800 2262 907 2330 consu·

226 2344 319 2408 latum
336 2347 442 2418 iniret,
462 2365 546 2406 curru
567 2341 681 2406 Urbem
702 2343 832 2406 inveiius
852 2343 906 2408 eil.

227 2423 331 2506 Quem
349 2427 443 2486 virum
460 2427 524 2522 quis
545 2445 605 2486 non
627 2427 767 2499 mitetur,
787 2446 840 2507 per
858 2442 906 2488 tot

226 2505 449 2568 extraordinaria
468 2507 588 2586 imperia
609 2506 640 2566 in
660 2503 803 2566 summum
825 2503 906 2566 fasti·

247 2587 254 2602 ’
327 2584 466 2657 venum,
488 2588 587 2668 iniquo
609 2584 698 2648 tulille
718 2588 840 2658 animo,
863 2584 907 2652 C.

226 2605 346 2730 gliris
362 2669 391 2727 in
404 2668 494 2728 altero
512 2665 657 2728 consulatu
675 2666 802 2748 petendo
818 2664 906 2728 sena-

226 2761 288 2810 tum
305 2747 501 2830 populumque
517 2747 681 2810 Romanurn
697 2748 838 2818 rationem
851 2747 917 2828 ira·-¹
