2014 3620
689 162 696 186 Ι

246 317 296 394 ’44
370 301 404 370 C.
432 299 794 369 Varn'PAranc.

247 443 309 495 nu,
326 421 397 482 odio
415 421 444 478 in
460 418 609 479 Romanos
626 416 770 492 Annibal,
783 417 934 498 occupati

147 555 152 562 ,
247 503 344 574 Asida,
367 497 527 580 necatisque
550 501 579 558 in
601 519 635 558 ea
659 498 792 558 omnibus
811 499 931 559 civibus

248 583 405 660 Romanis,
421 601 494 660 quos
510 579 629 661 quidem
647 579 750 639 eidem
770 579 816 640 die
836 597 931 660 atque

248 663 344 734 horai,
362 661 481 720 redditis
497 659 655 720 civitatibus
675 660 795 734 litteris,
814 661 931 742 ingenti

248 763 315 802 curn
346 741 551 823 pollicitatione
581 746 766 822 praemiorum
798 741 930 800 interimi

247 820 359 904 jufferat
379 822 462 903 [quo
485 838 616 903 tempore
635 834 732 902 'neque
754 819 929 882 fortitudine

248 903 385 962 adversbs
400 901 617 975 Mithridatem,
633 921 727 982 neque
742 899 800 960 fide
818 904 849 960 in
861 901 929 960 Ro·

248 1005 350 1044 manos
385 981 512 1062 uisquam
529 981 651 1042 Rhodiis
667 1003 718 1061 par
731 979 794 1041 fuit.
808 980 928 1042 Horum

248 1062 337 1124 fidem
351 1006 585 1144 hlitylenaeomm
622 1059 720 1120 erfidia
733 1060 926 1134 illuminavit,

249 1147 299 1229 qui
309 1144 352 1204 M.
363 1141 523 1226 Aquillium
533 1083 659 1222 aliolique
672 1140 833 1201 Mithridati
844 1143 927 1202 vinc·

248 1238 295 1286 to's
311 1225 506 1296 tradiderunt3
523 1222 623 1302 quibus
640 1221 775 1294 libertas,
790 1223 820 1280 in
838 1224 925 1282 unius
987 1231 988 1250 ³

248 1305 436 1386 Theophanis
455 1305 601 1386 gratiam,
623 1300 723 1384 postea
743 1323 760 1361 a
779 1301 925 1384 Pompeio

248 1383 375 1445 restituta
394 1383 455 1465 est]
479 1404 570 1465 quum
592 1383 724 1442 terribilis
744 1381 832 1444 Italiae
850 1405 926 1464 quo-

249 1485 306 1559 que
330 1465 487 1525 videretur*
502 1465 675 1538 imminere,
699 1463 774 1524 sorte
800 1463 924 1525 obvenit

249 1544 334 1606 Sullae
359 1546 431 1606 Asia
477 1543 611 1604 rovincia.
633 1543 661 1604 Is
684 1543 804 1626 egrellus
826 1545 923 1620 urbe,

250 1647 339 1708 quum
356 1629 428 1684 circa
445 1567 553 1684 dolam
569 1642 728 1684 moraretur
743 1623 872 1708 [quippe
889 1647 924 1686 eat

176 1763 185 1781 „
227 1783 230 1788 Δ
245 1707 317 1785 1ηὼς
334 1705 558 1787 pertinacissimi
576 1726 653 1764 arma
670 1706 830 1775 retinebat,
841 1726 923 1766 exer·

108 1788 112 1796 ’
244 1789 364 1866 ¹tituque
383 1785 516 1860 Romano
533 1785 741 1859 obsidebatur,
759 1785 839 1845 velut
858 1807 922 1866 poe-

65 1907 68 1914 ·
131 1879 194 1938 Ἷῃ
247 1869 352 1928 niteret
367 1865 428 1942 ejus
444 1865 530 1936 fidei,
548 1873 632 1948 quam
644 1867 774 1931 omnium
789 1865 923 1938 sandissir

248 1969 327 2008 mam
347 1947 425 2007 bello
445 1947 610 2028 praestiterat
627 1945 755 2029 Punico]
775 1946 804 2006 P.
827 1945 923 2028 Sulpi·

250 2031 309 2087 cius
320 2027 447 2085 tribunus
459 2027 550 2106 plebis
560 2025 692 2098 disertus,
701 2048 770 2089 acer
780 2073 789 2100 ,
801 2029 920 2108 opibus,

249 2107 354 2188 gratia,
367 2108 516 2178 amicitiis,
530 2109 631 2190 vigore
644 2109 751 2190 ingenii
766 2125 793 2168 at
814 2129 850 2168 ue
862 2111 921 2167 ani·

249 2189 289 2247 mi
310 2185 533 2262 celeberrimus,
555 2209 644 2268 quum
664 2204 747 2248 antea
767 2129 921 2249 rediissimi

248 2265 398 2326 voluntate
418 2268 493 2350 apud
513 2267 653 2350 populum
673 2271 826 2328 maximam
846 2291 922 2352 quae-

248 2345 324 2408 tillet
344 2348 528 2430 dignitatem,
567 2351 626 2407 uasi
644 2351 755 2430 pigeret
777 2370 844 2409 eum
865 2353 922 2410 vir·
978 2383 981 2390 ·

243 2443 344 2488 ,tutum
360 2428 489 2501 suarum,
510 2431 542 2489 ὃ(
583 2449 637 2490 ene
655 2427 783 2490 consulta
801 2431 827 2488 ei
847 2431 922 2504 male

248 2509 404 2582 cederent,
423 2508 516 2569 subiti>
536 2531 640 2590 pravus
660 2511 693 2570 &
710 2531 863 2592 preceps,
883 2509 919 2572 C.

241 2581 364 2662 Mario,
377 2589 442 2670 post
453 2589 690 2672 septuagesimum
705 2611 810 2650 annum
824 2595 922 2656 omnia

247 2669 368 2746 imperia
380 2672 412 2731 &
423 2691 524 2730 omnes
537 2673 699 2751 provincias
711 2670 923 2750 concupiscenti

248 2748 374 2825 addixit,
386 2751 539 2835 legemque
556 2752 592 2812 ad
608 2751 750 2838 populum
768 2753 852 2828 tulit,
865 2755 922 2836 qui
