2020 3618
233 273 377 343 Hrsr.
403 227 561 341 Lrann
590 272 645 343 ΙΙ.
731 273 774 372 83
844 220 846 224 Ι

97 392 210 462 vellet,
228 389 288 472 ipse
305 389 503 472 exercitusque
521 391 657 452 classibus
673 413 779 474 perve·
837 424 838 427 ¹

97 476 197 542 niret,
215 473 248 533 dt
265 472 361 554 primo
377 491 453 554 pene
471 470 566 532 castris
580 471 713 556 Pompeii
730 471 790 550 sun·¹

98 552 251 636 jungeret,
267 573 337 613 mox
349 555 436 612 etiam
448 553 601 614 obsidione
614 558 778 618 munimen·

99 632 192 716 risque
207 654 273 694 eum
283 631 531 713 compledlererur.
543 633 601 696 Sed
614 637 712 719 inopia
723 636 780 697 ob-

100 714 284 784 sidentibus,
327 713 392 774 udm
411 713 553 790 obsessis,
574 733 633 776 erat
651 719 778 804 gravior·
888 778 896 784 .

99 792 293 856 TumBalbus
339 793 656 868 ornelius,.excedente
675 799 778 860 huma-

97 895 166 935 nam
192 872 284 936 iidem
307 876 500 949 temeritate,
526 875 662 957 ingressus
688 877 777 940 castra

97 954 249 1030 hostiurn,
268 953 371 1034 saepius
386 975 435 1024 ue,
448 975 515 1015 cum
536 953 661 1018 Lentulo
683 959 778 1020 collo·

98 1054 182 1097 cutus
197 1081 206 1106 ,
223 1033 341 1096 consule
363 975 512 1096 dubitante
534 1039 633 1118 quanti
652 1036 680 1098 se
702 1061 777 1100 ven·

52 1117 57 1130 '
98 1115 205 1191 deret,
223 1115 278 1176 illis
298 1117 484 1177 incrementis
502 1115 572 1182 fecit
590 1120 691 1192 viam,
731 1122 778 1180 ui·

97 1196 154 1258 bus
176 1218 237 1258 non
260 1195 458 1277 Hispaniensis
479 1215 584 1268 natus,
602 1197 652 1260 sed
674 1141 733 1260 Hil
747 1221 777 1260 a·

13 1273 16 1281 ’
98 1299 154 1338 nus
177 1279 206 1337 in
225 1277 402 1359 triumphum
423 1279 455 1340 δι
474 1275 673 1360 pontificatum
730 1303 777 1342 ur·

120 1373 202 1428 eret,
232 1355 372 1440 fieretque
404 1378 439 1419 ex
471 1361 585 1440 privato
614 1359 778 1426 consularis.

98 1379 253 1498 l'ariatum
271 1438 376 1498 deinde
395 1439 527 1521 proeliis,
546 1439 594 1502 sed
613 1463 671 1505 uno
688 1441 776 1526 longe

100 1515 194 1600 magis
205 1517 386 1601 Pompeianis
403 1518 560 1602 prospero,
576 1541 635 1604 quo
653 1525 781 1608 graviter¹

95 1604 139 1660 im
165 1599 216 1658 ulsi
236 1598 299 1660 sunt
317 1597 435 1660 Caesaris
454 1601 568 1662 milites.

188 1678 210 1740 Ι.
231 1679 311 1742 Tum
328 1679 423 1741 Caesar
440 1703 506 1742 cum
521 1685 647 1744 exercitu
659 1679 782 1758 fatalem,

98 1760 232 1820 vidioriae
251 1759 307 1821 suae
322 1759 495 1822 Thessaliam
511 1765 604 1842 petiit.
620 1763 776 1846 Pompeius

100 1841 189 1922 longe
215 1839 327 1900 diversa
347 1841 408 1900 aliis
430 1840 610 1901 suadentibus
630 1840 778 1925 [quorum

99 1923 234 2003 plerique
253 1920 456 1996 hortabantur,
470 1939 501 1982 ut
517 1925 546 1982 in
565 1921 674 1984 Italiam
692 1921 780 1986 trans·

99 2005 228 2063 mitteret
242 2021 358 2142 :netpte
375 2003 506 2064 hercules
524 2003 677 2088 quidquam
693 2008 780 2088 parti·

99 2084 155 2143 bus
176 2082 233 2143 illis
255 2081 313 2144 salu
335 2085 392 2144 rius
413 2083 467 2144 fuit
491 2107 498 2145 :
523 2086 593 2158 alii,
614 2103 646 2147 ut
666 2087 778 2149 bellum
823 2085 825 2090 ¹

100 2163 341 2258 traherer‚·quod
355 2165 517 2248 dignatione
533 2169 654 2248 partium
671 2171 702 2229 in
717 2170 779 2231 dies

100 2267 110 2304 1
134 2245 172 2302 ais
182 2265 229 2303 ma
249 2265 273 2304 rs
284 2245 454 2326 prosperum
468 2245 574 2327 fieret]
592 2246 657 2306 usus
668 2251 780 2331 impetu

19 2333 21 2338 '
102 2268 155 2384 duo
176 2263 288 2386 holfem
310 2323 422 2386 secutus
443 2325 494 2386 est.
520 2327 624 2386 Aeiem
644 2325 780 2388 Pharsali·

102 2425 183 2477 carn,
195 2405 228 2466 δι
238 2405 321 2466 illum
337 2409 566 2468 cruentissimum
579 2405 714 2470 Romano
726 2429 782 2470 no·
868 2439 872 2448 ·

101 2487 174 2547 mini
195 2485 292 2557 diem,
311 2505 480 2569 tamtumque
503 2485 647 2568 utriusque
670 2491 781 2550 exerei-

101 2563 485 2730 ifiioplilillifflli’
500 2565 783 2731 bilbili?

101 2747 168 2788 nrm
186 2725 312 2792 Romani
330 2732 442 2812 imperii
457 2729 575 2807 lumen,
593 2746 639 2870 tIpt
652 2729 783 2822 talesque

646 2832 678 2893 Vl
