2020 3618
250 272 573 344 Hrsanun
597 275 653 344 11.
712 295 780 369 137

135 389 241 453 'CVL
261 391 336 450 Proh
355 390 407 451 Dii
427 393 519 466 boni·‚
539 394 636 473 qunnti
656 391 785 452 volumi-

104 473 148 532 nis
168 493 257 552 0pera
274 471 433 552 insequenti
450 471 544 534 aestate
563 471 613 532 sub
634 473 707 532 duce
725 472 781 532 Ti-

103 552 187 613 berio
200 551 311 613 Caesare
329 555 468 634 gessimus
483 555 491 613 l
509 551 679 613 Perlustrata
694 556 782 613 armis

104 648 166 692 rota
186 631 343 694 Germania
363 632 403 694 est
425 657 433 694 ε
456 633 540 694 vinae
560 651 683 716 gentes,
701 639 782 714 'pene

103 715 269 774 nominibus
292 716 445 796 incognitae
464 735 474 773 s
498 733 624 795 receptae
646 713 784 775 Caucho-

79 815 170 853 rum
193 796 352 855 nationes:
376 794 469 854 omnis
495 815 598 854 eorum
622 792 782 872 juventus,

103 872 213 934 infinita
237 894 387 946 numero,
414 872 552 934 imm-ensa
580 877 749 954 corporibus
773 919 783 948 ‚

105 957 163 1015 sicu
189 954 322 1014 locorum
346 956 515 1027 tutissima,
538 955 647 1014 traditis
674 956 782 1025 armis,

103 1034 163 1094 unit
182 1033 386 1094 cum-ducibus
405 1033 482 1106 suis,
500 1033 577 1115 septa
597 1033 718 1115 fulgenti-
737 1031 781 1092 ar·

103 1132 244 1196 maroque
256 1116 381 1174 militum
398 1112 559 1176 nostrorum
575 1119 687 1196 agmine
695 1160 707 1186 ‚.
717 1133 785 1176 ante

101 1197 286 1276 imperatoris
301 1196 454 1276 procubuit
464 1195 595 1254 tribunal.
607 1193 698 1254 Fracli
709 1195 786 1254 Lan-

104 1276 248 1359 gobardi,
265 1296 334 1357 gens
351 1277 437 1334 etiam
453 1273 599 1336 Germani
615 1273 726 1335 feritate
740 1276 754 1334 f
770 1309 784 1323 ·

77 1383 79 1387 ¹
104 1359 219 1416 rocior:
231 1355 354 1436 denique
371 1356 450 1437 quod
464 1376 621 1436 numquam
637 1373 720 1416 antea
734 1355 784 1438 spe

106 1452 303 1515 conceptum¹
317 1437 425 1495 ned-um
444 1457 537 1517 opere
550 1453 691 1497 tentatum
705 1456 784 1510 erat,

106 1518 145 1576 ad
157 1516 470 1598 quadringentesimum
486 1517 665 1591 milliarium,
679 1539 695 1576 a
707 1517 785 1578 Rhe-

106 1619 149 1658 no
165 1596 305 1677 usquead
324 1598 432 1658 flumen
451 1596 573 1669 Albim,
594 1600 641 1678 qui
660 1597 786 1658 Semno-

106 1699 178 1738 num
197 1677 492 1756 Hermundorumque
511 1676 582 1736 fines
599 1677 784 1757 praeterfluit,

106 1759 257 1820 Romanus
271 1778 337 1816 cum
353 1759 439 1838 signis
458 1756 610 1836 perduclus
626 1759 765 1816 exercitus
774 1779 784 1831 ;

108 1841 145 1902 8(-
160 1835 284 1908 eodem,
303 1837 374 1896 miri
390 1836 525 1896 felicitate
549 1838 581 1896 &
600 1837 667 1897 curi
684 1837 786 1911 ducis,

106 1937 277 1999 temporum
298 1937 414 2000 quoque
435 1915 642 1989 observantiis,
669 1918 788 1990 classis,

107 2021 174 2080 quae
205 1996 642 2080 Oceani.citcumnavigaverat
672 1994 748 2058 sinus
775 2045 788 2074 ,

107 2079 148 2140 ab
165 2079 292 2140 inaudito
307 2096 391 2160 atque
407 2081 553 2160 incognito
570 2081 635 2139 antis
649 2083 719 2140 mari
732 2081 787 2140 ssu-

107 2162 187 2222 mine
203 2159 273 2220 Albi
290 2159 442 2230 subvella,
461 2161 644 2238 plurimarum
659 2164 788 2240 gentium

107 2239 235 2311 viliori,
254 2261 320 2300 cum
343 2238 582 2297 abundantissima
605 2254 702 2298 rerum
722 2259 786 2298 orn·

108 2323 191 2380 nium
209 2342 243 2379 co
266 2323 309 2392 ia,
327 2320 462 2401 exercitui
473 2315 635 2398 Caesarique
647 2317 674 2378 se
685 2316 790 2397 junxit.

153 2341 264 2460 Cvll
281 2399 350 2460 Non
363 2417 495 2478 tempero
509 2397 600 2469 mihi,
616 2400 685 2479 quin
702 2415 787 2458 tantae
859 2404 866 2412 '

101 2501 208 2542 rerum
221 2480 475 2636 ma5nitudinirhoc
487 2523 496 2553 ,
510 2477 716 2573 qualecumque
728 2477 788 2552 est,

110 2556 244 2622 inferum.
295 2580 363 2619 uum
379 2561 543 2619 citeriorem
560 2579 650 2639 ripam
662 2559 791 2640 praedicli
857 2591 867 2604 «

112 2643 238 2704 fluminis
256 2637 351 2700 castris
369 2637 604 2722 occupallemus,
622 2639 788 2700 &ulterior

111 2721 224 2786 armati
244 2717 368 2783 hostium
391 2720 542 2804 juventute
567 2718 688 2804 fulgeret
707 2764 720 2793 2
737 2717 792 2780 sub
