2014 3620
248 353 391 423 Hrsr.
418 353 574 422 Lrunn
599 345 655 422 Il.
731 367 784 448 53¹

97 469 237 536 desertus·
252 491 286 531 ac
304 466 435 554 proditus
456 514 466 540 ,
487 467 641 531 inviolatus
664 463 783 530 a'Sulla

99 551 226 614 dimissus
249 550 298 613 est.
324 552 411 614 Adeo
432 553 510 612 enim
533 549 612 612 Sulla
633 550 780 632 dissimilis

98 632 157 695 fuit
168 633 288 693 bellator
303 631 461 704 acvisior,
478 648 510 693 ut
528 631 598 692 dum
615 633 706 692 vincit
725 629 782 691 ‘us

100 715 213 776 tissimo
230 715 341 789 lenior,
359 713 424 795 post
440 711 589 773 vidoriam
606 713 704 773 audito
717 653 780 772 suc·

98 796 138 855 rit
155 794 298 856 crudelior
316 815 323 854 ι
342 815 409 854 nam
426 794 458 854 δι
477 793 645 865 consulem,
658 811 690 853 ut
703 813 778 874 prae·

98 875 224 936 diximus
235 920 247 948 ,
260 871 504 951 exarm‘atum‚Q.
512 871 689 946 Sertorium,
722 874 777 934 rob

98 959 200 1038 quanti
215 976 286 1016 mox
301 955 370 1015 belli
386 952 479 1012 facem
496 954 504 1011 l
519 955 551 1014 &
565 953 670 1013 multos
683 896 782 1026 aios,-

97 1040 208 1118 potitus
225 1056 344 1108 eorum,
358 1034 466 1095 dimisit
476 1033 637 1093 incolumes
650 1055 657 1093 ι
671 1035 778 1106 credo,

97 1135 131 1176 ut
148 1117 178 1175 in
196 1116 303 1176 eodem
318 1117 437 1175 homine
451 1113 573 1194 duplicis
593 1135 625 1172 ac
643 1113 779 1175 diversis-

59 1235 79 1264 „
96 1199 163 1258 simi
182 1198 271 1255 animi
288 1193 499 1277 conspiceretur
516 1193 693 1275 exemplum.
708 1193 778 1255 Post

95 1275 249 1337 vidoriam
263 1275 352 1356 ‚qua
374 1273 551 1334 descendens
571 1292 703 1335 montem
722 1273 778 1335 Ti·
834 1339 836 1350 Ι

96 1355 157 1417 sata
177 1377 244 1416 curn
261 1354 297 1417 C.
316 1353 456 1415 Norbano
476 1373 657 1416 concurrerat
676 1353 754 1416 Sulla
764 1393 779 1431 ,ι

97 1454 196 1520 grates
212 1435 334 1512 Dianae,
346 1435 426 1516 cujus
446 1438 553 1496 numini
571 1439 651 1518 regio
669 1437 719 1497 illa
732 1436 780 1498 sa*

97 1533 177 1578 crata
202 1514 269 1589 est,
290 1515 376 1576 solvit
392 1537 505 1598 ;¹aquas
531 1514 690 1576 salubritate
712 1533 780 1578 nie-¹

97 1595 256 1678 dendisque
278 1598 448 1680 corporibus
471 1597 613 1672 nobiles,
635 1593 775 1693 agrosque

96 1699 199 1740 ornnes
216 1678 324 1738 addixit
340 1677 424 1738 Deae.
441 1675 535 1756 Hujus
553 1696 640 1760 grata
658 1679 710 1738 reli
731 1699 781 1740 rom

96 1761 142 1821 nis
159 1760 328 1819 memoriam
349 1757 546 1838 &inscriptio
566 1757 668 1838 templi
691 1699 782 1821 adiuta

97 1837 175 1936 posti
196 1839 343 1920 hodieque
361 1881 374 1909 ,
395 1841 428 1900 &
448 1839 543 1898 tabula
563 1835 679 1898 testatur
701 1859 781 1900 aerea·

96 1936 173 1982 antra
191 1919 295 1980 aedem.

138 1997 256 2058 XXVI.
277 1997 348 2059 Inde
372 1996 501 2058 consules
521 1996 618 2059 Carbo
638 1999 751 2060 tertiirm
760 2011 782 2074 ,'‹

56 2079 62 2086 ’
96 2081 130 2144 &
138 2077 173 2140 C.
183 2077 311 2152 Marius,
324 2079 427 2162 septies
439 2077 571 2140 Consulis
582 2079 673 2154 filius,
684 2101 775 2143 annos

96 2177 178 2222 natus
197 2162 299 2243 viginti
317 2160 385 2235 sex,
403 2165 448 2222 vir
468 2164 554 2221 animi
573 2164 663 2244 magis
685 2163 773 2243 quim

90 2245 154 2302 'aevi
175 2243 307 2322 paterni,
330 2242 419 2300 inulta
440 2239 610 2322 fortiterque
632 2244 775 2317 molitus,

96 2341 192 2402 neque
212 2319 329 2404 usquam
350 2321 469 2382 inferior
489 2325 607 2380 nomine
628 2322 750 2382 consulis
764 2353 780 2396 ,·
853 2337 859 2342 “

96 2402 174 2482 apud
185 2399 378 2482 Sacriportum
390 2399 484 2482 pulsus
495 2424 511 2460 a
522 2399 599 2461 Sulla
609 2404 689 2472 acie,
701 2402 776 2463 Prae·

96 2481 199 2555 nesto,
218 2482 298 2563 quod
317 2483 382 2542 anti
399 2482 499 2542 naturi
516 2485 658 2548 munitum
675 2486 782 2564 praesi-.

96 2564 151 2622 diis
167 2559 331 2622 firmaverat
343 2607 353 2633 ,
365 2560 393 2633 se
411 2563 624 2644 exercitumque
640 2565 772 2626 contulit.

96 2642 144 2704 Ne
167 2643 235 2723 quid
254 2663 390 2724 umquam
406 2643 488 2702 malis
505 2642 625 2724 publicis
642 2641 749 2706 deesset
762 2689 779 2718 „

95 2726 127 2783 in·
142 2741 200 2804 qua
214 2723 327 2800 civitate
345 2723 457 2804 semper
467 2725 617 2785 virtutibus
633 2741 773 2786 certatum

95 2819 156 2866 erat
167 2847 178 2878 ‚
200 2803 359 2864 certabatur
384 2803 538 2866 sceleribus
557 2803 778 2943 ;Coptimusque·

621 2905 650 2963 ¹¹1
