2014 3620
225 328 368 399 Hrsr.
394 327 551 396 Lrnsrt
576 324 639 396 ΙΙ.
724 347 765 421 31

88 449 197 512 virtute
213 467 245 507 ac
258 444 408 506 severitate
421 442 485 504 facil
498 467 507 518 ;
521 459 549 504 at
562 443 666 504 Fabius
677 440 772 504 AEmi·

37 584 40 591 .
90 531 204 599 lianus,
218 525 306 588 Paulli
323 525 459 606 exemplo
468 570 480 599 ,
495 524 651 607 disciplinae
661 527 691 585 iu
702 523 762 586 His
762 557 772 598 ι

90 610 177 691 pania
197 605 250 668 fuit
269 607 452 668 clarissimus.

131 687 188 748 VI.
210 685 325 750 Decem
344 687 449 748 deinde
468 688 542 747 inter
563 688 644 747 ositis
665 687 769 762 annis,

90 770 140 849 qui
153 766 221 830 Tib.
235 766 420 839 Gracchum,
435 767 516 828 idem
532 708 637 828 dnum
650 765 768 828 fratrem

89 847 151 928 ejus
170 852 325 931 occupavit
341 846 443 921 furor,
455 848 519 908 ¹tam
535 847 689 910 virtutibus
706 847 768 926 ejus

88 930 245 1004 omnibus,
263 928 349 1011 quim
368 928 433 988 huic
452 928 542 987 errori
563 929 706 1001 similem,
723 933 768 986 in-

89 1011 176 1090 genio
190 1011 276 1069 etiam
288 1007 511 1090 eloquendique
529 1007 615 1088 longe
633 1005 769 1088 prestan-

88 1092 205 1150 tiorem.
223 1087 304 1168 Qui,
325 1109 415 1170 quum
432 1085 542 1146 summa
562 1089 660 1170 quiete
681 1089 767 1150 animi

88 1171 213 1229 civitatis
235 1171 369 1250 princeps
389 1164 445 1227 elle
465 1164 579 1248 pollet,
598 1167 649 1227 vel
671 1169 769 1228 vindi-

88 1249 187 1310 candae
201 1241 332 1316 fratemae
345 1247 446 1307 mortis
458 1247 563 1330 gratid,
576 1248 628 1307 vel
641 1268 769 1330 praemu-

88 1328 203 1389 niendae
223 1326 324 1410 regalis
345 1329 480 1409 potentiae
494 1372 504 1402 ‚
518 1324 646 1406 ejusdem
665 1347 768 1389 exem·

87 1410 130 1490 pli
145 1409 320 1469 tribunatum
336 1407 492 1492 ingressus,
509 1407 596 1490 longe
612 1407 767 1489 majora&

88 1491 199 1550 acriora
222 1505 377 1570 repetens,
394 1489 480 1548 dabat
500 1490 648 1549 civitatem
672 1494 766 1550 omni-

76 1569 143 1630 rbus
170 1567 273 1630 Italicis
294 1591 302 1634 a
325 1569 499 1630 extendebat
526 1589 590 1628 eam
615 1589 691 1652 pene
719 1569 768 1630 us·

88 1670 146 1734 que
175 1647 268 1731 Alpes
293 1672 304 1725 3
328 1647 477 1712 dividebat
505 1669 620 1732 agrus3
648 1651 768 1714 vetabat

88 1750 265 1812 quemquam
285 1731 382 1791 civem
400 1731 465 1812 plus
480 1732 641 1812 quingentis
660 1729 768 1813 jugeri·

88 1809 142 1869 bus
161 1810 289 1882 habere,
305 1811 387 1892 quod
405 1811 557 1891 aliquando
576 1811 640 1892 lege
659 1811 773 1872 Licinii

89 1905 205 1949 cautum
219 1905 280 1947 erat
295 1909 305 1960 3
322 1909 401 1948 nova
417 1887 605 1948 constituebat
619 1893 767 1970 portoria;

89 1971 176 2029 novis
190 1969 311 2030 coloniis
324 1967 452 2050 replebat
486 1970 627 2030 rovincias
641 1990 649 2042 3
664 1967 768 2050 judicia

88 2071 106 2109 a
124 2047 222 2110 senatu
237 2047 422 2109 transferebat
438 1991 484 2108 ad
489 2052 597 2131 equites
613 2073 622 2124 ;
638 2049 766 2111 frumen·

86 2146 150 2189 tum
169 2129 248 2214 plebi
271 2129 338 2189 dare
363 2128 517 2190 instituerat
537 2153 546 2206 ;
566 2131 636 2190 nihil
659 2134 767 2192 immo-

86 2226 168 2282 tum,
184 2209 256 2269 nihil
270 2211 472 2292 tranquillum,
485 2209 556 2270 nihil
571 2215 702 2293 quietum
715 2214 766 2273 de-

86 2293 175 2371 nique
199 2293 229 2350 in
248 2290 355 2350 eodem
378 2289 449 2350 statu
471 2291 674 2372 relinquebat3
698 2297 767 2372 quin

86 2371 208 2430 alterum
248 2372 335 2430 etiam
369 2371 548 2430 continuavit
580 2371 765 2435 tribunatum.

85 2450 173 2512 Hunc
183 2450 217 2511 L.
229 2449 366 2532 Opimius
381 2448 499 2523 consul,
514 2452 563 2533 qui
579 2465 685 2532 p'raetor
695 2451 766 2513 Fre-

85 2533 177 2614 gellas
199 2532 365 2605 exciderat,
381 2529 546 2614 persecutus
568 2535 672 2606 armis,
693 2537 766 2595 und·

86 2631 143 2693 que
150 2611 282 2674 Fulvium
293 2612 428 2673 Flaccum
437 2609 614 2673 consularem
623 2633 654 2673 ac
664 2615 765 2675 trium·

85 2691 202 2773 phalem
224 2695 344 2767 virum,
366 2693 448 2774 aequd
470 2713 559 2774 prava
578 2696 763 2774 cupientem,

86 2791 176 2854 quem
186 2771 222 2836 C.
235 2773 382 2836 Gracchus
397 2777 426 2835 in
441 2774 539 2834 locum
548 2772 658 2914 Tgberii
672 2773 764 2835 fratris

607 2876 639 2914 lv
