2014 3620
250 310 392 378 Hrsr.
418 310 570 376 Lmen
596 309 650 378 II.
737 331 782 409 75

36 425 37 428 ’
100 425 196 513 posset
208 473 217 498 ‚
230 424 343 506 majore
357 441 437 507 parte
455 428 520 484 arnol
537 425 619 486 dorni
634 427 663 486 se
677 431 785 491 tenuit:

101 531 162 591 quo
179 505 274 577 ladio,
288 507 358 565 dum
371 525 477 587 augere
492 507 556 565 vult
572 507 711 568 invidiam
724 509 785 567 col·

102 589 172 670 legae
188 631 200 660 ‚
217 589 294 646 auxit
312 590 483 668 potentiam.
505 583 585 646 Tum
603 585 712 648 Caesari
730 589 787 662 des

101 686 187 732 eretae
206 670 237 727 in
277 669 483 748 uinquennium
501 664 615 730 Galliae.

140 747 237 810 XLV.
256 689 313 808 let
335 748 415 808 idem
438 765 552 828 tempus
576 747 606 808 P.
630 747 783 822 Clodius,
856 757 859 762 '

33 831 40 834 ’
100 829 190 892 homo
202 829 327 902 nobilis,
345 827 485 897 disertus,
498 828 611 900 audax,
621 833 670 910 qni
683 851 782 912 neque

98 911 216 971 dicendi
232 931 268 968 ne
291 930 328 968 ue
345 907 470 968 faciendi
488 908 600 977 ullum,
618 911 674 970 nisi
692 931 782 993 quem

97 993 210 1065 vellet,
226 931 476 1060 nollet-modum,
491 990 633 1048 malorum
646 995 781 1072 proposi·

97 1089 195 1132 torum
214 1069 364 1132 exsecutor
375 1071 551 1143 acerrimus,
566 1069 679 1130 infamis
694 1074 781 1133 etiam
856 1116 858 1118 -

97 1150 203 1214 sororis
228 1150 354 1232 stupro,
375 1151 408 1212 δι
428 1147 506 1208 adius
528 1148 627 1211 incesti
652 1171 718 1210 reus
739 1152 780 1212 ob

96 1235 202 1294 initum
219 1233 293 1290 inter
305 1230 517 1312 religiosissima
534 1231 635 1311 populi
653 1230 781 1294 Romani

98 1312 175 1374 sacra
188 1311 362 1372 adulterium
375 1333 384 1385 ;
402 1331 491 1393 quum
523 1331 606 1372 raves
616 1313 780 1374 inimicitias

97 1415 165 1456 curn
176 1390 322 1454 Cicerone
338 1409 486 1452 exerceret
502 1330 592 1473 fquid
608 1394 686 1454 enim
703 1395 780 1461 inter

95 1491 156 1538 tam
174 1473 326 1534 dissimiles
344 1473 472 1534 amicum
491 1470 548 1532 elle
587 1489 680 1534 oterat
695 1473 725 1556 l]
744 1476 779 1539 δε

96 1575 113 1614 a
149 1553 256 1614 atribus
270 1553 307 1612 ad
325 1553 443 1634 plebem
458 1555 543 1613 trans'
567 1570 596 1613 et
605 1559 616 1624 ,'
632 1552 728 1636 legem
745 1559 778 1618 in

95 1577 240 1696 trilunatu
260 1636 322 1694 tulit
340 1656 348 1694 ε
366 1637 416 1715 qui
433 1637 528 1696 civem
548 1633 714 1695 Romanum
729 1636 777 1694 in-

95 1717 262 1776 demnatum
282 1712 494 1786 interemillet‚
517 1715 545 1773 ei
567 1715 642 1796 aqud
663 1716 777 1798 &igni

94 1797 326 1857 interdiceretur.
344 1793 436 1873 Cujus
453 1793 552 1852 verbis
571 1813 625 1854 etsi
642 1815 702 1854 non
721 1815 776 1860 noe

93 1875 255 1936 minabatur
272 1873 400 1945 Cicero,
414 1888 510 1933 tamen
526 1872 601 1934 solus
635 1875 777 1939 etebamn

93 1957 136 2018 lta
147 1957 209 2028 vir,
220 1955 331 2038 optimd
340 1955 463 2014 meritus
474 1953 511 2013 de
522 1895 686 2036 republica,
701 1977 774 2016 con·

93 2037 213 2098 servatae
237 2038 336 2118 patriae
354 2036 479 2118 pretium
504 2035 662 2096 calamitate
681 2038 773 2102 exsilii

93 2118 167 2179 tulit.
192 2117 262 2178 Non
287 2131 437 2178 caruerunt
460 2113 618 2196 suspicione
638 2121 772 2199 oppressi

93 2197 244 2260 Ciceronis
265 2195 361 2258 Caesar
385 2197 418 2256 δι
440 2195 605 2278 Pompeius.
625 2197 692 2258 Hoc
714 2199 769 2260 sibi

91 2281 244 2340 videbatur
264 2274 433 2338 contraxille
451 2274 579 2350 Cicero,
596 2277 677 2358 quod
696 2277 771 2339 inter

91 2361 123 2419 vi
144 2361 194 2418 inti
217 2361 296 2419 viros
324 2355 486 2416 dividendo
500 2371 585 2438 'agro
616 2355 771 2438 Campano

92 2459 109 2508 e
133 2459 150 2499 e
165 2437 307 2500 noluillet.
327 2437 410 2498 Idem
428 2438 500 2496 intra
517 2437 686 2508 biennium,
706 2437 768 2502 ferd

90 2517 223 2602 Pompeii
239 2519 324 2588 curi,
343 2519 466 2587 verirm,
482 2533 513 2577 ut
524 2519 639 2598 -coepit,
654 2520 768 2580 interti-

89 2601 141 2674 tai‚
156 2597 290 2682 votisque
308 2599 417 2670 ltaliae,
439 2619 473 2658 ac
491 2597 615 2659 decretis
632 2596 767 2676 senatis,

75 2679 198 2742 ¹virtute
213 2697 298 2762 atque
314 2679 426 2742 ailione
435 2677 526 2742 Annii
540 2678 660 2741 Milonis
672 2681 767 2746 tribu·

86 2757 766 2900 niplebis,dignitatipatriaequeregin-nutem
836 2825 844 2836 ,

642 2859 663 2918 ²1
