2020 3618
254 272 397 388 Hrsu.
423 316 659 396 [rnanIL
717 342 780 398 101

108 434 303 522 praeferendus
322 437 490 508 videretur,
513 435 546 497 &
562 434 695 498 Vatinius
716 434 787 500 nulli

108 518 221 580 nomini
235 538 293 579 non
307 513 374 600 esset
389 515 586 600 postferendus
599 540 605 578 :
618 519 648 576 in
664 539 723 600 quo
737 519 789 578 de-

109 599 238 662 formitas
251 599 380 680 corporis
392 619 458 658 cum
470 598 646 679 turpitudine
660 600 787 659 certabat

107 680 241 763 ingenii,
261 681 335 740 adeo
352 696 384 740 ut
402 680 510 740 animus
531 676 593 760 ejus
618 680 786 762 dignissimo

108 759 256 822 domicilio
273 757 394 820 inclusus
410 759 558 820 videretur
569 782 581 834 3
591 779 707 844 eratque
721 759 749 820 se
772 794 787 808 ·

107 858 169 903 tem
195 840 356 924 legionibus
380 840 500 900 validus.
525 839 563 900 Et
588 839 652 922 lege
673 839 786 914 Pedia,

108 943 197 1004 quam
214 919 311 985 consul
325 919 431 981 Pedius
450 919 564 1003 collega
579 919 697 982 Caesaris
713 921 786 982 tule-

108 1019 171 1075 rat,
183 1001 338 1076 omnibus,
352 1004 401 1084 qui
412 997 554 1061 Caesarem
570 1019 681 1082 patrem
696 1003 786 1062 inter·

108 1081 257 1155 fecerant,
272 1081 346 1165 aqui
357 1083 473 1164 ignique
490 1081 629 1142 damnatis
648 1083 785 1143 interdic·

109 1180 173 1223 tum
190 1181 275 1224 erat:
293 1183 352 1243 quo
370 1181 503 1244 tempore
523 1160 649 1244 Capito,
670 1180 785 1243 patruus
835 1195 837 1200 ·

108 1264 192 1305 meus
202 1287 212 1317 ,
223 1245 269 1303 vir
284 1243 390 1303 ordinis
403 1241 555 1317 senatorii,
570 1243 709 1326 Agrippae
721 1242 785 1303 sub·

110 1322 220 1406 scripsit
230 1327 260 1384 in
272 1321 309 1385 C.
328 1321 467 1384 Cassium.
481 1323 619 1406 Dumque
638 1345 671 1384 ea
685 1327 713 1384 in
726 1323 785 1386 lta·

109 1406 150 1467 lia
160 1422 314 1487 geruntur,
330 1407 387 1464 acri
400 1423 485 1486 atque
498 1403 690 1486 prosperrimo
704 1403 785 1470 bello

110 1481 227 1547 Cassius
250 1483 409 1558 Rhodum,
429 1505 491 1545 rem
509 1488 639 1559 immanis
664 1489 784 1570 operis,

109 1583 248 1648 ceperat3
264 1564 366 1627 Brutus
379 1565 487 1646 Lycios
506 1566 674 1638 devicerat,
693 1569 725 1630 &
742 1570 785 1627 in-

109 1645 148 1708 de
166 1648 196 1706 in
214 1643 419 1708 Macedoniam
436 1649 576 1708 exercitus
595 1645 786 1728 trajecerant3

131 1749 200 1788 uum
225 1748 277 1810 per
300 1730 397 1788 omnia
419 1748 578 1810 repugnans
599 1746 705 1788 naturae
729 1725 785 1791 suae

109 1749 228 1870 Cassius
247 1809 333 1868 etiam
351 1807 431 1868 Bruti
446 1807 630 1868 clementiam
646 1811 786 1872 vinceret.

107 1884 215 1984 Neque
228 1891 351 1982 reperias
370 1909 443 1970 quos
460 1907 507 1948 aut
516 1891 643 2029 pronior
660 1887 787 1952 Fortuna

109 1985 249 2032 comitata
266 1986 322 2045 ut,
338 1985 386 2028 aut
404 1967 494 2030 veluti
529 1972 629 2053 atigata
648 1971 786 2032 maturius

110 2048 290 2118 destituerit,
306 2049 392 2134 quim
409 2049 529 2118 Brutum
547 2048 735 2114 &Cassium

152 2129 252 2191 LXX.
272 2127 350 2192 Tum
369 2128 464 2191 Caesar
483 2133 516 2194 &
534 2133 678 2203 Antonius
697 2131 788 2212 traje-

108 2229 211 2273 cerunt
222 2214 360 2272 exercitus
376 2215 407 2272 in
420 2211 644 2285 Macedoniam,
660 2215 691 2274 &
708 2215 785 2294 apud

109 2291 213 2352 urbem
225 2291 373 2374 Philippos
388 2313 453 2352 cum
466 2291 513 2350 M.
524 2292 613 2354 Bruto
627 2291 787 2374 Cassioque

109 2371 172 2432 acie
182 2389 396 2432 concurrerunt.
412 2369 530 2447 Cornu,
544 2376 588 2432 cui
599 2371 702 2433 Brutus
714 2395 789 2454 prae·
807 2421 809 2426 ,

109 2469 171 2515 etat
188 2495 199 2526 ‚
219 2453 346 2534 impulsis
374 2451 530 2528 hostibus,
554 2452 642 2514 castra
668 2451 786 2515 Caesaris

109 2535 189 2614 cepit
207 2555 220 2616 ι,
232 2554 297 2592 nam
315 2537 324 2593 i
346 2531 373 2593 se
392 2527 509 2605 Caesar,
524 2535 634 2594 etiamsi
650 2535 786 2596 insumis·

108 2617 200 2677 simus
219 2556 385 2674 valeturline
405 2659 415 2688 ,
439 2615 538 2675 obibat
561 2617 657 2674 munia
682 2616 788 2692 ducis,

107 2712 208 2757 oratus
231 2696 316 2754 etiam
338 2696 373 2756 ab
393 2697 513 2756 Artorio
538 2696 679 2770 medico,
697 2717 734 2756 ne
755 2701 786 2756 in

107 2773 208 2840 castris
222 2793 381 2838 remaneret
390 2822 402 2854 2
411 2775 559 2840 manifesti
570 2778 788 2918 dequnpiatione

655 2879 684 2938 ll]
