2020 3618
228 347 294 428 ἰω
345 353 380 423 C.
410 353 543 423 Vszr.
569 351 627 420 ΡΑ
642 365 776 420 runc.

243 475 326 534 uletis
344 469 454 532 territo.
472 465 508 530 ld
526 485 641 539 autem,
656 471 687 530 in
744 491 763 530 o
782 465 906 535 Cassius

254 571 339 624 etat,
359 551 487 636 fugatum
511 569 544 610 ac
568 550 642 610 male
726 568 821 612 tatum
841 596 853 624 ,
872 556 905 616 in

155 696 158 702 ,
220 637 322 696 altiora
338 632 367 693 se
384 647 532 713 receperat
548 631 622 692 loca.
638 627 718 691 Tum
725 629 850 696 Cassius
868 653 908 700 ex

220 713 269 776 l'ua
292 715 406 775 fortuna
432 727 571 773 eventum
593 711 712 796 collegae
737 710 906 788 aestimans4

220 816 310 877 quurn
334 793 482 855 dimis'rffet
506 809 691 864 evocatum,
720 790 906 882 jussllletqne

221 878 353 936 nuntiare
370 875 443 948 sibi,
463 895 526 958 quat
544 872 612 936 ellet
630 873 786 936 multitudo
803 877 906 937 aevis

221 955 398 1030 hominurn,
417 977 480 1040 quae
500 955 537 1016 ad
560 953 587 1016 le
606 954 740 1016 tenderet
762 977 772 1029 ;
793 956 906 1018 tardilrs'

221 1059 259 1100 eo
276 1039 442 1113 nuntiante,
454 1055 543 1119 quum
557 1037 587 1094 in
604 1037 702 1095 vicino
714 1033 784 1096 ellet
798 1058 814 1095 a
835 1057 906 1098 men

221 1115 302 1180 cursu
314 1117 351 1178 ad
367 1137 433 1179 eum
450 1117 651 1190 tendentium,
664 1135 760 1198 neque
778 1057 907 1198 pulvere

221 1198 308 1260 facies
329 1201 476 1282 aut‘signa
496 1195 626 1257 denotati
647 1193 781 1278 possent,
805 1195 907 1258 existi-

221 1299 303 1339 mans
325 1277 424 1340 holles
451 1275 505 1339 ell'e
530 1280 580 1359 qui
599 1279 762 1351 irruerent,
785 1277 906 1340 lacernd

220 1359 306 1442 eaput
317 1357 524 1426 circumdedit,
541 1373 740 1437 extentumque
753 1363 906 1422 cervicem

219 1440 362 1499 interritus
373 1439 476 1500 liberto
488 1437 617 1521 praebuit.
633 1435 794 1502 Deciderat
806 1437 905 1502 Cassii

219 1519 325 1602 caput,
342 1541 432 1603 quum
454 1535 590 1580 evocatus
608 1517 745 1590 advenit,
765 1523 905 1583 nuntians

218 1601 339 1663 Brutum
356 1599 412 1660 elle
429 1599 567 1660 nidorem
583 1621 590 1660 ε
609 1600 657 1682 qui
674 1619 764 1680 quum
776 1603 906 1684 impera·

219 1699 315 1743 torem
324 1679 494 1764 prostratum
505 1681 619 1741 videret
629 1703 638 1756 ;
650 1678 771 1762 sequar,
784 1684 883 1768 inquit
895 1701 906 1759 3

219 1783 309 1836 eum,
333 1783 421 1844 quern
439 1782 504 1822 mea
521 1761 627 1822 occidit
647 1761 766 1821 tarditas
782 1784 793 1838 ;
811 1765 845 1826 ἂ
863 1767 905 1826 lta

218 1846 249 1906 in
271 1841 398 1928 gladium
417 1843 554 1904 incubuit.
574 1840 642 1902 Post
661 1836 769 1924 paudos
790 1843 906 1908 deinde'

218 1923 282 1986 dies
293 1924 396 1985 Brutus
412 1924 540 1985 conflixit
552 1943 618 1983 cum
630 1922 778 1998 hostibus,
793 1925 828 1988 &
839 1929 906 1987 vic·

218 2017 265 2066 tus
281 2006 361 2076 acie,
374 2025 463 2084 quum
476 2007 505 2062 ln
522 2005 666 2063 tumulum
678 2002 762 2066 nolle
781 2025 820 2064 ex
833 2004 904 2090 fuga

216 2083 247 2145 se
259 2083 424 2164 recepillet,
441 2085 605 2164 impetravit
616 2106 632 2142 a
644 2082 778 2144 Stratone
790 2085 905 2169 AEgea-

216 2169 247 2226 te
264 2163 393 2224 familiari
406 2163 475 2236 suo,
488 2181 518 2223 ut
535 2185 650 2224 manum
663 2168 804 2226 morituro
818 2189 905 2229 com·

215 2244 349 2306 enodaret
359 2245 434 2321 sibi3
452 2243 604 2328 credoque
623 2246 698 2307 laevo
710 2243 797 2326 super
812 2253 905 2332 caput

215 2325 334 2386 brachio
346 2373 355 2402 ‚
367 2348 456 2408 quum
467 2347 636 2387 mucronem
649 2326 735 2408 gladii
749 2325 814 2406 ejus
830 2330 906 2391 dex·

215 2406 278 2468 terd
294 2424 395 2466 tenens
414 2405 531 2466 sinistrae
550 2403 720 2468 admovillet
737 2411 903 2486 mamillae,
986 2433 1006 2446 ·*

215 2487 340 2547 adeum
361 2487 452 2569 ipsum
475 2488 598 2559 locum,
617 2485 673 2570 quit
695 2509 746 2547 cor
769 2493 905 2566 emicat,

215 2565 367 2650 impellens
386 2566 415 2629 se
435 2570 464 2627 in
482 2564 609 2642 vulnus‚‘
628 2587 686 2628 uno
706 2566 762 2628 ictu
781 2570 904 2632 nansfi·

214 2667 267 2708 xus
289 2645 341 2706 exl
356 2649 449 2721 inavit,

254 2725 313 2786 LX
354 2726 377 2787 Ι.
399 2727 529 2788 Protinus
549 2725 699 2803 Mellalla,
719 2725 905 2812 fulgentissi-

215 2827 278 2868 mus
287 2804 402 2888 juvenis
414 2852 424 2884 ‚
434 2811 582 2891 proximus
591 2813 620 2870 in
635 2809 691 2870 int
703 2808 801 2894 castris
814 2811 904 2876 Bruti
