2014 3620
243 363 626 436 mammam.
747 389 771 459 7
845 409 847 415 s
915 326 917 330 Ι

80 496 256 567 nongentos
290 483 473 566 'inquaginta
483 484 595 558 floruit,
606 484 680 544 intra
691 485 772 547 mille

83 583 174 626 natus
194 563 243 626 est.
303 586 341 626 uo
362 567 504 636 nomine,
523 587 584 626 non
603 564 645 626 est
665 567 772 626 miran-

84 646 185 719 dum,
228 646 287 706 ubd
306 645 381 726 saepe
399 646 471 706 illud
490 644 625 728 usurpat,
647 643 698 708 our
718 645 770 708 νῦν

83 723 194 807 βροτοί
207 667 263 789 leur
283 747 290 786 ι
309 727 366 787 hoc
387 728 465 788 enim
484 743 515 788 ut
535 727 709 798 hominum,
733 729 772 788 ita

83 806 251 868 seculorum
276 824 392 869 notatur
420 805 591 870 differentia.
615 805 718 888 Quem
746 811 771 870 si

82 890 154 970 quis
172 909 282 948 caecum
299 889 427 970 genitum
442 907 544 971 putat,
560 889 694 950 omnibus
708 887 773 949 sen·

83 970 169 1030 sibus
186 969 274 1029 orbus
291 967 342 1028 est.

129 1047 160 1108 V
168 1047 191 1110 1.
213 1047 275 1109 Inse
297 1050 375 1109 uenti
387 1064 520 1134 tempore
532 1050 685 1128 imperium
697 1051 773 1110 Asia·

83 1129 181 1191 ticum
196 1070 392 1208 abAlsyriis,
413 1131 462 1224 qui
477 1129 508 1189 id
524 1129 706 1190 obtinuerant
723 1151 772 1188 an-

82 1212 135 1271 nis
156 1209 235 1270 mille
255 1207 465 1292 septingentas,
488 1208 654 1270 transsatum
674 1208 715 1269 est
734 1210 773 1270 ad

84 1289 222 1362 Medus,
236 1289 340 1350 abhinc
360 1311 449 1350 annos
464 1287 556 1350 ferme
575 1288 770 1375 septlngentos

83 1369 275 1452 septuaginta.
293 1369 414 1452 Quippe
430 1369 652 1452 Sardanapalum
669 1391 772 1434 eorum

81 1471 211 1532 regem,
226 1451 359 1511 'mollitiis
376 1451 515 1512 fluentem
536 1453 569 1513 ὃ(
587 1455 707 1512 nimium
727 1451 741 1511 f
756 1487 771 1500 -

83 1533 176 1593 licem
193 1532 271 1593 malo
290 1531 363 1604 suo,
383 1535 471 1592 tertio
491 1534 683 1594 &tricesimo
701 1535 770 1595 loco

82 1612 125 1674 ab
149 1611 228 1673 Nino
254 1614 286 1675 &
306 1611 518 1686 Semiramide,
544 1616 594 1696 qui
617 1615 772 1694 Babylona

84 1693 304 1768 condiderant,
326 1713 448 1769 natum,
470 1696 508 1754 ita
527 1713 559 1754 ut
578 1694 691 1778 semper
709 1694 772 1756 suc·

85 1771 183 1835 cellon
203 1776 283 1856 regni
304 1777 415 1855 paterni
433 1763 516 1836 foret
528 1773 624 1852 filius,
645 1776 772 1837 Pharna-

86 1876 140 1918 ces
162 1853 269 1914 Medus
288 1853 412 1934 imperio
432 1857 551 1936 vitdque
570 1859 708 1936 privavit.
729 1855 772 1918 Ed

86 1951 177 2014 aetate
196 1933 369 1996 clarissimus
384 1931 465 1994 Graii
483 1937 609 1995 nominis
622 1936 772 2018 Lycurgus

85 2015 357 2088 Lacedaemonius„
367 2017 412 2074 vir
429 2019 539 2098 generis
554 2019 645 2098 regii,
662 2017 715 2077 fuit
731 2015 773 2078 se·

86 2097 308 2158 verissimarum
324 2094 599 2178 justissimarumque
616 2099 713 2180 legum
726 2119 773 2160 au·

86 2177 175 2252 flor,
191 2178 223 2238 &
241 2176 395 2256 disciplinae
412 2179 693 2238 convenientissimae
708 2181 772 2256 vir;

87 2256 174 2336 cujus
196 2257 332 2337 quamdiu
352 2255 452 2339 Sparta
476 2259 598 2340 diligens
618 2259 696 2332 fuit,
719 2281 771 2320 ex-

87 2337 251 2400 celsissimd
274 2339 380 2398 floruit.
406 2337 473 2398 Hoc
494 2337 585 2399 tradu
605 2355 772 2422 temporum

87 2436 161 2480 ante
180 2439 271 2478 annos
293 2421 420 2502 'quinque
440 2420 473 2480 ὅ(
496 2416 561 2479 sexa
581 2421 661 2494 inta,
685 2419 771 2504 qulam

86 2500 160 2560 urbs
177 2499 311 2560 Romana
331 2501 525 2572 conderetur,
549 2439 584 2560 εἰ
604 2497 686 2562 Elissa
705 2501 772 2583 Ty·

88 2584 156 2654 ria,
178 2601 265 2662 quam
283 2582 398 2664 quidam
413 2580 494 2642 Dido
511 2599 679 2652 autumant,
698 2579 771 2643 Car·

91 2662 183 2742 thagd
200 2662 344 2723 conditur.
371 2661 457 2724 Circa
476 2663 557 2746 quod
575 2680 690 2746 tempus
711 2659 773 2724 Ca*

92 2761 202 2811 tanus,
222 2745 267 2804 vit
287 2745 399 2826 generis
420 2745 512 2826 regii,
533 2743 771 2805 sextus-decimus

91 2822 128 2880 ab
158 2820 310 2896 Hercule,
338 2823 482 2907 profedus
508 2825 621 2966 ArgisA‚
642 2832 773 2918 ‘regnum'

641 2926 672 2966 ιν
