2020 3618
146 319 150 324 -
226 239 545 342 Hisn‘trssn
571 270 626 344 II.
689 297 756 372 m)

82 391 204 456 luntatii
221 409 315 454 morte
332 390 475 452 obierunt.
489 391 610 452 Antonii
629 392 758 476 Cleopa·

82 489 189 556 tneque
219 476 282 558 quis
309 471 395 532 luerit
421 474 513 532 exitus
535 519 546 548 ‚
572 477 757 536 narravimus.

45 563 52 576 '
82 553 220 616 Canidius
236 553 361 614 timidiirs
380 553 526 626 decessit,
545 554 630 637 qulm
646 555 757 636 profes-

82 636 156 695 sioni
180 635 268 718 ejus,
291 633 348 714 qual
370 631 482 716 semper
497 633 562 694 usus
582 652 642 696 erat
658 680 668 710 ‚
685 659 758 696 con·

82 717 211 798 gruebat.
227 715 354 776 Ultimus
369 713 516 775 autem'ex
530 715 758 779 interfedoribus

83 795 201 858 Caesaris
220 796 379 856 Parmensis
402 793 519 856 Cassius
541 812 635 857 morte
655 815 756 878 poenas

80 877 183 948 dedit,
202 896 234 938 ut
253 877 373 936 dederat
384 873 565 937 Trebonius.
600 899 608 916 f
741 878 744 883 ’

122 955 352 1020 LXXXVIII.
367 954 448 1016 Dum
463 956 592 1016 ultimam
605 956 683 1017 bello
697 957 758 1018 Ao·

80 1039 157 1100 tiaco
176 1037 430 1120 Alexandrinoque
447 1033 684 1120 Caesarimponit
699 1059 758 1099 ma·

80 1140 152 1180 num
170 1164 182 1191 ‚
201 1117 245 1179 M.
270 1118 395 1198 Lepidus
416 1115 530 1196 juvenis
554 1117 649 1179 sormi
671 1119 757 1202 quim

78 1217 179 1261 mente
195 1199 319 1270 melior,
336 1198 437 1279 Lepidi
455 1197 539 1278 ejus,
560 1203 609 1282 qui
624 1200 758 1260 triumvir

80 1279 175 1343 fuerat
192 1283 232 1340 tei
255 1279 356 1339 ublicae
373 1277 579 1340 constituendae
595 1279 691 1355 filius,
708 1281 757 1342 Ju-

79 1362 127 1422 nitl
137 1362 219 1422 Bruti
229 1304 326 1421 ddrore
337 1375 436 1434 natus,
452 1359 660 1435 interficiendi,
672 1361 758 1423 simul

40 1445 42 1448 ’
79 1443 109 1502 in
126 1442 242 1502 Urbem
257 1439 434 1515 revertillet‚
449 1439 567 1502 Caesaris
585 1441 702 1502 consilia
716 1445 759 1502 in·

78 1525 163 1584 ierat.
180 1520 266 1583 Tunc
282 1521 370 1582 Urbis
383 1521 519 1582 custodiis
535 1525 705 1604 praepositus
719 1520 758 1584 C.

80 1603 253 1676 Maecenas,
271 1601 394 1684 equestri
413 1602 462 1664 led
483 1602 634 1685 splendido
652 1623 759 1686 genere
792 1678 794 1687 Ι

78 1703 183 1758 natus,
196 1687 261 1757 vir,
273 1684 322 1745 ubi
333 1704 379 1744 res
390 1685 521 1766 vigiliam
533 1686 678 1766 exigeret,
692 1682 758 1744 sane

80 1764 251 1836 exsomnis,
269 1763 426 1844 providens
438 1781 522 1847 atque
533 1765 635 1846 agendi
647 1763 738 1825 sciens
749 1785 760 1840 ;

80 1847 169 1908 simul
200 1845 275 1907 verb
299 1843 409 1926 aliquid
437 1865 475 1904 ex
500 1847 620 1926 negotio
649 1847 759 1905 remitti

80 1927 201 2010 pollet,
221 1927 283 1986 otio
298 1945 331 1985 ac
347 1924 477 1985 mollitiis
496 1946 570 2007 pene
586 1925 661 1986 ultra
677 1925 761 2002 femi·

57 2029 152 2070 nam
166 2009 283 2080 fluens,
305 2027 364 2067 non
386 2007 479 2066 minirs
500 2005 632 2090 Agrippi
654 2003 761 2071 Caesari

79 2111 185 2163 catus,
198 2087 249 2148 sed
264 2089 357 2148 minus
372 2087 529 2148 honoratus
542 2090 761 2184 ;·qu1ppe·vinit
846 2143 849 2149 .
930 2113 936 2128 ⁴

61 2208 63 2214 s
80 2169 208 2252 angusto
221 2167 305 2229 clavo
315 2189 392 2262 pene
404 2184 554 2228 contentus
566 2191 572 2228 ι
584 2189 637 2228 nec
650 2187 762 2228 minora

70 2250 226 2330 ¹consequi
243 2266 357 2329 potuit,
376 2245 426 2307 sed
438 2265 569 2309 nontam
585 2249 761 2328 concupivit.

79 2331 142 2391 Hic
162 2329 325 2412 speculatus
344 2326 385 2389 est
410 2349 462 2409 per
480 2326 620 2389 summam
635 2331 762 2410 quietem

78 2434 113 2473 ac
131 2411 397 2472 dissimulationem
413 2411 565 2491 praecipitis
583 2409 700 2468 consilia
718 2406 781 2487 ju·.

77 2496 189 2561 venis,
211 2491 245 2550 δι
268 2491 341 2550 miri
362 2489 526 2563 celeritate,
540 2489 675 2570 nullique
696 2509 763 2549 cum

78 2570 305 2657 perturbatione
316 2587 364 2630 aut
381 2591 477 2630 terum
486 2587 534 2630 aut
545 2571 695 2632 hominum
710 2591 765 2652 op·

79 2651 180 2735 press'o
201 2648 335 2732 Lepido,
349 2655 474 2712 immane
491 2653 561 2712 novi
579 2672 611 2710 ac
627 2651 765 2710 resurrec-

78 2737 139 2796 turi
157 2731 235 2795 belli
255 2730 346 2795 civilis
367 2731 494 2812 restinxit
512 2734 625 2794 initium
637 2731 766 2808 ,uiue
