2014 3620
229 303 379 392 'H'rsn
406 327 566 393 Liuor
586 323 642 392 Il.
720 349 770 420 49

89 465 165 586 ssqos
187 439 262 523 saepe
286 463 341 523 pto
367 439 452 502 salute
476 441 640 524 reipublicae
666 441 771 502 flamen

125 525 189 583 ralis
209 539 340 602 precatus
359 540 419 583 erat
438 521 549 597 Deos,
570 542 621 582 eos
641 523 671 580 in
688 521 771 582 erose-

91 606 251 665 crationem
279 600 379 664 Cinnae
426 605 526 664 artium
549 623 585 662 ue
616 600 678 684 ejus
707 619 771 664 tum

115 699 245 757 recatus,
268 684 378 764 optime
401 626 438 744 de
463 625 611 766 republica
634 686 774 744 meritum

91 707 220 846 lpiritum
238 765 372 825 reddidit.
389 763 433 825 Μ.
450 763 615 838 Antonius,
633 767 733 846 prince
756 786 770 824 s

91 847 216 906 civitatis
239 861 325 926 atque
348 844 545 926 eloquentiae,
567 844 667 924 gladiis
691 787 753 904 mil

91 942 182 998 tum,
209 946 282 1004 quos
308 923 383 1004 ipsos
409 923 543 984 facundii
571 923 619 982 sui
640 942 770 986 moratus

93 1023 172 1076 erat,
189 1002 259 1084 jullu
276 1003 364 1064 Marii
382 1002 484 1067 Cinnae
507 1024 542 1063 ue
559 1001 702 1063 confoffus
719 1003 774 1066 est.'

93 1083 137 1165 Q.
148 1084 277 1145 Lutatius
288 1082 424 1157 Catulus,
435 1085 467 1144 δι
511 1086 600 1143 'arum
611 1085 771 1160 virtutum,

91 1165 207 1228 &belli
221 1162 363 1228 Cimbrici
379 1165 487 1246 gloril,
522 1185 565 1224 uae
576 1162 616 1222 illi
626 1183 693 1224 cum
706 1163 772 1224 Ma·

91 1250 136 1306 rio
149 1247 312 1307 communis
324 1243 435 1320 fuerat,
448 1185 667 1317 celeberrimus,
699 1265 770 1306 uum

91 1326 131 1386 ad
157 1341 284 1386 mortem
308 1328 551 1408 conquireretur,
574 1265 713 1386 conclultt
740 1324 770 1388 se

92 1407 162 1468 loco
180 1425 274 1487 nuper
294 1405 536 1489 calcearenique
554 1405 722 1488 perpolito,
739 1407 773 1468 il-

93 1489 211 1568 latoque
228 1487 286 1568 igni
301 1488 349 1568 qui
364 1489 426 1546 vim
441 1486 539 1548 odoris
559 1489 716 1560 excitaret,
733 1485 771 1546 fi-

93 1568 154 1627 mul
176 1568 281 1627 exitiali
299 1564 397 1628 hausto
420 1565 538 1650 spiritu,
556 1565 639 1628 simul
660 1566 771 1629 incluso

92 1647 164 1720 suo,
183 1665 307 1708 mortem
331 1650 419 1731 magis
443 1665 516 1710 voto
538 1647 625 1728 quim
651 1648 770 1710 arbitrio

92 1731 277 1788 inimicorum
295 1729 376 1789 obiit.
394 1726 502 1788 Omnia
518 1745 598 1788 erant
614 1731 772 1811 praecipitia

92 1811 123 1868 in
140 1808 311 1888 republica,
328 1829 382 1868 nec
398 1825 495 1868 tamen
512 1807 604 1868 adhuc
623 1807 772 1902 quisquam

93 1887 314 1960 inveniebatur,
332 1889 381 1968 qui
397 1887 474 1946 bona
492 1889 563 1947 civis
578 1887 704 1948 Romam
723 1903 775 1949 aut

94 1965 408 2038 donareauderet,aut
440 1985 517 2028 erere
528 1965 681 2029 sustineret.
689 1967 772 2029 Post-

94 2071 130 2110 ea
147 2048 177 2107 id
195 2068 312 2130 quoque
329 2067 395 2107 acce
429 2063 440 2107 t
450 2051 462 2119 ,
478 2066 510 2108 ut
527 2045 641 2111 saevitiae
659 2049 773 2112 causam

6 2203 7 2208 η
93 2130 214 2190 avaritia
228 2128 389 2210 praeberet,
402 2129 435 2190 &
448 2128 553 2190 modus
565 2131 657 2210 culpae
670 2151 706 2190 ex
718 2152 771 2212 pe·

94 2212 187 2270 coniae
204 2209 295 2270 modo
313 2207 531 2270 constitueretur
547 2211 603 2284 3&
617 2213 666 2290 qui
678 2209 771 2272 fuill'et

93 2290 248 2370 locuples,
264 2288 346 2349 fieret
368 2309 497 2364 nocens,
518 2288 559 2348 sui
580 2289 698 2372 quisque
719 2311 771 2370 pe-

92 2369 176 2432 riculi
191 2389 301 2430 merces
317 2367 394 2429 foret
409 2389 419 2442 3
436 2389 491 2428 nec
509 2369 665 2450 quidquam
685 2369 771 2431 vide·

93 2467 173 2512 retur
188 2466 291 2530 turpe,
308 2449 388 2532 quod
408 2447 476 2510 esset
493 2447 690 2530 quaestuosum.
740 2489 742 2492 -

135 2529 265 2592 XXlll.
287 2528 451 2590 Secundum
469 2530 572 2590 deinde
595 2529 771 2593 consulatum

94 2611 210 2684 Cinna,
231 2609 436 2692 &septimum
459 2609 568 2670 Marius
589 2613 619 2670 in
641 2613 771 2691 priorum

93 2688 224 2753 dedecus
239 2693 323 2751 iniit:
340 2689 419 2772 cujus
431 2692 514 2752 initio
531 2693 636 2758 morbo
651 2691 772 2774 oppres·

92 2773 140 2836 sus
156 2769 274 2836 decellit
285 2814 296 2847 ,
308 2773 355 2839 vir
369 2775 399 2833 in
413 2771 493 2836 bello
505 2770 653 2912 hortibusc,
665 2775 696 2832 in
707 2774 771 2834 otio

744 847 771 904 ἱ.
