2020 3618
221 263 389 356 ¹Hrsr.
416 267 567 336 Lim
592 265 646 336 II.
710 292 777 363 ¹33

104 378 165 440 sisse
175 381 263 442 laetati
273 383 405 442 homiues
416 425 424 454 ‚
434 399 492 444 tam
504 383 590 464 paulo
603 382 668 465 post
678 384 781 446 obiisse

104 459 297 523 Censorinum
315 461 463 528 indiisdem
479 467 637 545 prouinciis
653 463 782 546 graviter

102 543 169 602 tulit
192 545 315 615 civitas,
333 544 430 604 virum
449 544 632 624 demetendis
653 549 780 606 homini-

91 621 155 682 lrus
168 626 304 704 genitum.
315 622 485 684 Armeniam
501 625 606 686 deiude
621 625 780 708 ingrellus3

101 704 195 797 primi
208 721 288 785 parte
297 705 428 766 introitirs
473 704 573 785 ospere
583 710 671 788 gessit
686 728 695 780 3
706 725 779 766 mou

102 803 132 842 m
150 784 327 866 colloquium
342 783 412 865 (cui
427 726 471 844 gr
469 787 578 846 temere
594 785 781 868 crediderat)

102 863 180 925 circa
196 865 367 946 Artageram
384 866 509 946 graviter
527 887 544 924 a
563 866 690 947 quedam
701 910 711 939 ‚
723 888 780 928 uo·

101 946 181 1004 mine
198 945 329 1016 Adduo,
344 947 527 1018 vulneratus,
541 966 578 1006 ex
595 945 701 1018 eo‚-u't
713 967 781 1006 cor·

122 1045 156 1084 us
174 1026 269 1086 minus
285 1025 400 1100 habile,
416 1027 455 1084 ira
470 1029 705 1087 animumrninirs
722 1029 780 1088 uti&

100 1045 159 1164 lem
177 1107 219 1166 rei
242 1105 341 1166 ublicae
363 1105 468 1166 habere
486 1109 585 1186 coepit.
607 1105 671 1166 Nec
688 1107 780 1170 defuit

101 1127 283 1247 converliirio
305 1185 474 1259 homiuum,
491 1191 563 1248 vitia
581 1185 642 1268 ejus
661 1183 780 1248 allema-¹

100 1267 182 1326 tione
206 1265 373 1348 alentium(
392 1271 499 1327 erenirn
527 1267 639 1348 semper
668 1288 779 1351 magriae

100 1345 228 1408 fortunae
251 1367 350 1408 comes
369 1346 447 1408 adest
469 1346 622 1430 adulatio)
641 1368 693 1429 per
713 1371 779 1431 quae

101 1428 138 1488 eb
159 1426 261 1488 dudlus
281 1445 357 1498 erat,
375 1445 407 1488 ut
425 1430 454 1488 in
474 1428 577 1488 ultimo
595 1450 628 1488 ac
645 1431 780 1490 remotis·

102 1511 176 1570 simo
188 1526 328 1570 terrarum
342 1509 420 1570 orbis
437 1508 540 1590 angulo
556 1507 780 1584 consenescere,

100 1589 189 1672 quim
209 1588 335 1650 Romam
354 1590 490 1672 regredi,
507 1589 613 1650 mallet.
631 1587 693 1650 Diu
710 1591 779 1652 inde

99 1669 255 1731 reludiatua
272 1715 288 1742 ,
303 1669 466 1750 invitusque
491 1687 640 1730 revertens
666 1671 695 1728 in
720 1669 780 1730 lta·

100 1749 169 1810 liam
177 1793 192 1821 ,
200 1751 230 1810 iu
239 1750 309 1810 urbe
319 1749 418 1830 Lyeiae
429 1747 595 1830 (Limyram
608 1748 779 1890 nominantg

99 1831 211 1892 morbo
232 1829 306 1888 obiit
327 1851 336 1902 ;
358 1851 447 1910 quum
470 1849 664 1890 anterranum
686 1828 760 1890 ferm
801 1896 804 1902 ¹

99 1910 135 1972 L.
146 1907 269 1984 Caesm,
287 1907 374 1969 frater
393 1907 475 1989 ejus,
494 1907 644 1991 Hispanias
656 1926 782 1990 petens,

100 1990 241 2052 Massiliae
260 1987 435 2051 decessiller.
712 2051 715 2057 ,
768 2019 774 2030 ·

142 2069 242 2134 Clll.
262 2069 321 2132 Sed
347 2069 460 2132 fortuna
481 2117 494 2144 ,
518 2094 587 2155 quae·
608 2070 781 2134 subduxerat

99 2151 294 2234 spem'magui
310 2155 453 2226 nominis,
464 2151 522 2232 jem
535 2172 598 2214 tum
614 2154 781 2233 reipublicae

99 2235 150 2293 sua
206 2233 317 2293 raesidia
345 2232 510 2293 reddiderat
536 2255 544 2292 :
574 2233 682 2313 quip'pe
713 2245 784 2292 ante*

100 2255 250 2394 urriulque
265 2312 370 2372 horum
384 2311 512 2382 obitum,
525 2329 609 2392 patre
619 2329 670 2374 tuo
682 2310 712 2372 P.
725 2311 782 2371 Vi-

100 2395 183 2454 nicio
195 2392 333 2462 conlule-‚
350 2391 418 2452 Tib.
433 2392 536 2462 Nero,
554 2390 683 2455 reversus
700 2391 784 2456 Rhoe-

102 2474 144 2534 do
154 2518 167 2544 ,
187 2473 346 2534 incredibili
361 2474 457 2533 latitia
472 2469 593 2553 patriam
606 2473 784 2552 repleverat.

100 2553 176 2615 Non
197 2551 238 2612 est
261 2553 310 2614 diu
332 2551 477 2613 cuuilatus
501 2551 595 2612 Caesar
612 2551 783 2634 Augustus;

101 2653 201 2716 neque
219 2635 296 2693 enim
314 2634 483 2715 quaerendus
502 2650 582 2706 erati,
596 2641 683 2715 quein
702 2633 781 2714 rege»
866 2683 870 2694 .

102 2733 181 2806 retu,
200 2711 249 2776 sed
269 2714 410 2806 legendus
431 2717 481 2798 qui
504 2714 660 2780 eminebat*
678 2712 785 2795 Iraque
