2014 3620
166 338 170 346 ,
232 267 375 336 Hiar.
401 273 561 335 Lruan
586 268 616 334 Ι.
716 289 756 362 23

79 406 166 450 mana
185 382 327 464 tragoedia
346 379 388 442 est
406 404 415 443 .·
433 379 587 464 dulcesque
606 382 700 442 Latini
722 382 764 443 le·

12 461 14 467 ’
79 469 161 549 poris
183 462 294 523 facetiae
305 507 316 535 ,
336 484 389 544 per
407 461 556 524 Caecilium
576 461 763 524 Terentium·

81 566 139 626 que
154 546 186 606 &
199 543 364 616 Afranium,
380 541 409 606 su
432 546 491 625 pari
502 560 584 606 aetate
603 547 762 608 nituerunt·

82 625 246 687 Historicos
267 624 332 706 (ut
356 626 389 688 &
410 567 525 687 livium
545 645 664 709 quoque
686 627 764 706 prio,

82 728 147 768 runt
164 708 239 766 aetati
259 704 416 790 adstruas)
460 725 543 768 raeter
564 704 709 768 Catonem
730 705 763 768 &

81 785 222 871 quosdam
238 804 354 848 veteres
370 789 404 849 &
420 729 578 861 olscuros,
598 790 693 848 minus
711 807 763 848 oc-

79 870 296 952 toginta-annis
318 868 527 930 circumdatum
549 889 646 928 aevum
668 869 763 944 tulit;

80 967 113 1011 ut
139 970 194 1022 uec
219 949 373 1012 Poetarum
395 950 427 1010 in
445 950 591 1028 antiquius
613 947 764 1010 citeriusvc

79 1031 226 1114 processit
248 1029 375 1092 ubertas.
396 1028 439 1090 At
458 1031 578 1104 oratio,
598 1050 632 1090 ac
652 1031 699 1090 vis
719 1027 765 1090 fo·

79 1113 202 1186 tensis,
229 1109 357 1193 perfeiiu
410 1130 447 1170 ue
471 1109 565 1194 prosae
589 1111 765 1192 eloquentiae

80 1192 197 1265 decus,
220 1209 252 1252 ut
278 1192 358 1252 idem
398 1209 531 1273 eparetur
558 1187 634 1252 Ceto
659 1187 674 1272 (
715 1211 766 1251 ace

80 1271 114 1335 P.
127 1269 245 1346 Crassi,
260 1269 306 1332 Sci
329 1271 457 1354 ionisque
475 1273 504 1334 &
518 1270 599 1332 Laelii
611 1316 620 1346 ‚
632 1273 664 1334 &
706 1293 767 1332 rac·

80 1353 228 1422 chorum,
258 1353 290 1414 &
308 1295 434 1430 lamii,
461 1355 494 1415 &
515 1350 578 1414 Ser.
600 1351 703 1416 Galbae
724 1353 768 1413 di·

81 1431 207 1515 xerim)
228 1434 266 1492 ita
286 1433 418 1495 universa
441 1432 492 1496 sub
515 1435 644 1516 principe
667 1435 766 1516 operis

81 1513 125 1577 sui
145 1514 239 1596 erupit
257 1513 357 1576 Tullio
373 1525 384 1590 3·
405 1513 592 1576 nouercam
611 1531 677 1576 ante
698 1535 766 1576 eum

81 1596 283 1680 paucissimis,
294 1597 394 1663 mirari
407 1597 481 1659 verb
492 1598 639 1658 nemiuem
654 1598 768 1672 possis,

81 1677 138 1740 nisi
153 1693 202 1738 aut
221 1676 257 1736 ab
274 1677 326 1746 illo
346 1675 464 1760 visum,
485 1695 534 1738 aut
555 1677 606 1760 qui
626 1677 708 1739 illum
723 1679 770 1740 vi·

81 1758 168 1820 derit.
193 1757 262 1819 Hoc
283 1759 363 1823 idern
384 1757 509 1820 evenisse
533 1755 767 1832 Grammaticis,

81 1837 203 1911 Plastis,
216 1835 393 1910 moribus,
410 1838 626 1920 scalptoribus,
641 1837 767 1920 quisquis

82 1937 254 2000 temporum
278 1915 422 1979 institerit
435 1920 535 1992 notis,
562 1921 711 2001 reperiet,
733 1920 767 1982 &

81 1999 240 2062 eminentia
258 1997 393 2081 cujusque
410 2002 507 2082 operis
521 1997 682 2061 utilissimis
694 2018 767 2062 tem·

80 2101 190 2166 porum
208 2079 541 2164 claustriscircumdata.
561 2079 655 2161 Hujus
673 2103 765 2166 ergo,

79 2160 327 2246 praecedentisque
343 2159 430 2226 seculi
437 2206 454 2237 ,,
468 2164 651 2246 ingeniorum
668 2165 767 2226 simili·

83 2243 203 2316 rudinus
224 2245 424 2325 congregantis
443 2245 477 2306 &
494 2246 525 2302 in
543 2242 766 2326 studium-par,

82 2325 169 2387 &in
189 2323 442 2395 emolumentum,
463 2321 557 2384 causas
580 2345 670 2406 quum
690 2323 766 2386 sem,

83 2425 140 2487 per
153 2407 292 2486 requiro,
305 2425 377 2467 num
396 2423 463 2466 uam
477 2404 611 2488 reperio,
625 2425 695 2488 quas
709 2405 764 2468 elle
812 2403 822 2446 ’-

80 2505 173 2546 veras
188 2483 356 2560 confidam,
375 2427 426 2550 led
442 2483 556 2546 fomffe
572 2487 765 2562 verisimiles,

84 2569 161 2628 inter
176 2587 248 2647 quas
265 2567 315 2626 has
332 2566 467 2628 maxime.
483 2566 545 2627 Alit
564 2567 708 2628 aemulatio
725 2570 767 2630 in·

86 2647 195 2740 genitu
214 2649 248 2710 &
267 2669 343 2708 nunc
361 2647 494 2723 invidia,
515 2669 591 2709 nuuc
613 2647 765 2711 admiratio

85 2726 284 2788 incitationem
303 2728 434 2790 accendit
450 2749 460 2803 ;
480 2729 661 2812 naturaque,
684 2730 765 2812 quod

84 2805 201 2888 (ummo
214 2806 318 2883 ,studio
345 2811 470 2894 petitum
493 2807 535 2873 est
547 2853 559 2889 ,
581 2809 708 2874 ascendit
734 2811 765 2870 in
