2020 3618
177 305 193 350 t
232 295 300 374 ¹54
363 276 399 344 C.
427 276 556 344 Vara.
580 275 776 351 PArrrtc.

227 396 295 466 titur
317 391 354 452 ad
374 389 710 468 Germaniam‚.Gallias
732 390 915 468 confirmatu

227 473 353 555 disponit
381 473 521 534 exercitus
544 517 554 546 ‚
576 473 706 553 presidia
731 477 825 535 munit
846 519 858 549 ,
879 475 915 538 se

227 553 423 638 magnitudine
436 551 502 624 sut,
516 573 576 612 non
589 550 693 614 fiducia
704 552 829 616 hostium
844 577 916 618 me-

227 637 320 708 tiens,
356 635 384 692 ui
397 629 571 693 Cimbricam
585 631 837 716 Teutonicamque
854 641 914 698 mi·

226 715 317 778 litiarn
334 655 422 774 stallae
445 713 628 774 minabantur
645 735 655 788 ς
673 715 750 776 ultro
768 715 914 780 Rhenum

226 816 294 858 curn
321 797 449 854 exercitu
473 792 685 875 transgreditur.
706 793 798 856 Arma
820 797 914 860 insert

226 897 291 960 quae
302 873 419 936 arcuisse
431 891 512 956 pater
523 877 555 938 δι
567 876 658 954 patria
669 878 913 954 coutentierant3

226 973 360 1040 penetrat
381 957 528 1031 interius,
550 977 566 1015 a
588 958 641 1016 erit
661 954 795 1032 limites,
814 957 912 1022 vastat

227 1059 331 1121 agros,
343 1039 399 1100 urit
417 1035 542 1106 domos,
557 977 652 1098 sundit
667 1037 774 1099 obvios
787 1060 798 1112 ;
813 1042 912 1099 maxi·
936 1112 939 1116 ¹

227 1139 332 1201 meque
344 1138 411 1180 curn
420 1117 529 1201 gloria,
539 1117 677 1180 incolumi
687 1121 818 1178 omnium
832 1141 912 1202 quos

226 1199 426 1274 transduxerat
444 1218 592 1271 nurnero,
610 1201 639 1258 itt
656 1199 790 1280 hyberna
805 1221 912 1263 rever·

228 1284 307 1342 timr.
324 1279 473 1342 Reddatur
490 1299 594 1340 verum
609 1279 643 1340 L.
659 1278 812 1361 Asprenati
825 1279 912 1342 testi·

228 1361 383 1432 monium,
405 1362 454 1442 qui
475 1361 585 1444 legatus
607 1357 657 1420 sub
683 1361 829 1422 avunculo
855 1361 914 1424 suo

227 1435 311 1502 Varo
328 1441 473 1515 militans,
489 1443 564 1504 nava
579 1441 710 1522 virilique
725 1442 817 1524 opera
834 1441 912 1502 dua-

227 1541 294 1588 rum
314 1521 490 1603 legionum,
507 1523 609 1603 quibus
626 1539 746 1604 praeetat
761 1566 775 1596 ‚
796 1526 912 1584 exerci-

228 1618 291 1664 tum
309 1603 470 1665 immunem
489 1602 567 1662 tanta
585 1604 744 1664 calamitate
761 1601 913 1680 servavit;

228 1683 396 1766 matureque
420 1682 456 1744 ad
478 1681 617 1743 inferiora
636 1683 768 1765 hyberna
787 1683 912 1745 descen·

229 1765 352 1838 dendo,
368 1764 534 1827 vacillantes
551 1766 639 1824 etiam
658 1767 698 1824 cis
715 1765 853 1826 Rhenum
870 1768 912 1826 si-

226 1863 322 1915 tarum
342 1848 471 1930 gentium
492 1846 604 1906 animos
622 1841 815 1906 confirmavit.
835 1845 911 1908 Sunt

226 1943 349 2002 tamen,
367 1929 439 2009 qui,
455 1942 487 1986 ut
505 1928 593 1988 vivos
610 1927 646 1986 ab
666 1945 703 1986 eo
723 1928 912 2004 vindicatos,

225 2009 269 2068 ita
281 2004 477 2089 jugulatorum
494 2001 544 2066 sub
556 2007 640 2068 Varo
654 2024 795 2089 occupata
810 2008 911 2069 credi-

224 2087 324 2150 derint
339 2088 533 2228 patrimonia,
552 2088 799 2170 hereditatemque
817 2090 910 2150 excisi

144 2183 147 2190 ·
204 2221 207 2228 .
225 2169 338 2245 exercit
360 2187 398 2240 s,
417 2169 447 2226 in
472 2185 611 2248 quantum
633 2167 784 2242 voluerit,
804 2170 841 2229 ab
869 2191 909 2232 eo

224 2247 346 2316 aditam.
363 2245 550 2323 Luciietiarn
566 2245 681 2330 Caeditii
700 2249 826 2350 prasesli
845 2249 909 2311 cas·

225 2345 339 2403 trorum
354 2350 365 2403 ,’
381 2349 541 2411 eorumque
556 2373 571 2404 ,f
585 2333 635 2412 qui
659 2352 724 2405 unp,
737 2331 909 2392 circumdati

224 2409 348 2486 Alisone
360 2413 508 2472 immensis
520 2409 736 2486 Germanorum
745 2413 840 2493 copiis
849 2413 909 2472 ob·

227 2489 416 2562 uidebantur,
433 2490 573 2552 laudanda
588 2494 676 2552 virtus
690 2490 732 2553 est
747 2513 758 2567 3
772 2494 823 2573 qui
840 2514 909 2554 om·

224 2571 312 2638 uibus
322 2569 707 2654 difficultatibussuperatis,
719 2593 794 2656 quas
806 2575 908 2714 inopia

224 2671 325 2717 rerum
343 2653 560 2725 intolerabiles,
576 2656 620 2716 vis
638 2653 763 2716 hostium
783 2654 857 2716 facie
880 2673 909 2716 at

225 2731 491 2818 inexsuperabiles,
510 2754 565 2798 uec
585 2737 741 2814 temerario
761 2736 909 2814 consilio,
