2020 3618
236 317 379 388 Hirr.
403 315 558 388 Lim
583 319 641 391 ΙΙ.
698 343 767 418 1¹3

84 435 423 500 duodeciessestertiim
441 438 471 496 in
482 433 576 498 ‘Creta
594 437 771 517 insula-red-

86 521 162 593 diti,
176 520 207 580 &
223 539 296 601 aqua
308 515 440 598 promissa
448 543 459 590 ,¹
470 537 536 657 guae
549 518 694 600 hodieque
708 523 767 579 siu-

85 599 186 682 gulare
205 600 238 660 &
256 597 422 658 salubritatis
439 599 468 656 in
493 619 525 656 ar
542 600 779 660 &amoenitatis
824 639 827 642 -

85 696 291 740 oruamentum
307 677 358 738 est.
371 677 483 818 Insigne
494 699 611 740 corouae
623 680 747 740 classicae
757 714 777 756 ,ι

85 781 151 842 quo
168 779 255 820 nemo
273 779 411 840 umquam
457 779 629 820 omanorum
645 761 766 821 donatus

85 855 172 916 erat,
190 839 247 900 hoc
263 838 341 899 bello
358 838 490 920 Agrippa
509 841 641 922 singulari
657 844 765 903 virtute

84 922 204 982 meruit.
226 919 328 981 vium
349 919 454 979 deinde
475 916 570 980 Caesar
588 920 718 982 reversus
735 924 779 982 in·

85 999 226 1074 Urbem,
246 998 400 1060 conualles
421 1001 615 1078 emptionibus
635 1001 779 1082 complu-2

85 1101 135 1142 res
160 1080 264 1141 domos
282 1101 335 1162 per
376 1096 579 1153 mutatores,
597 1083 656 1163 quo
669 1082 767 1143 laxior

85 1160 173 1223 fieret
190 1163 298 1241 ipsius,
316 1102 441 1242 poilicis
459 1158 488 1220 se
506 1161 602 1220 usibus
625 1161 768 1222 destinare

85 1239 229 1324 professus
252 1238 293 1300 est
311 1262 320 1316 3
338 1239 537 1322 templumque
560 1241 715 1322 Apollini,
734 1245 777 1306 δι·

86 1321 166 1382 circi
185 1322 334 1402 porticus,
355 1319 492 1381 faetumm
511 1325 666 1402 promisit,
685 1324 776 1406 quod¹

85 1401 126 1463 ab
154 1421 192 1462 eo
217 1401 351 1484 singulari
376 1400 548 1464 exstrutlum
573 1401 767 1468 munificentiis

129 1559 287 1636 LXXXl.
300 1560 372 1642 Qui
388 1563 482 1624 restare
500 1562 596 1626 Caesar
612 1583 672 1628 tam
687 1565 770 1648 pros·

2 1699 7 1708 ,
89 1643 163 1726 pere
176 1645 205 1702 in
224 1642 365 1724 Lepidum
381 1646 414 1704 in
427 1643 541 1716 Sicilia,
560 1647 637 1706 bene
652 1647 768 1708 fortuna

64 1734 69 1745 “
86 1746 143 1806 pro
157 1721 269 1784 Caesare
282 1725 471 1805 &republica
483 1727 615 1785 militavit
626 1728 661 1786 ad
674 1730 770 1788 orien-

86 1820 158 1865 tem.
180 1803 306 1884 Quippe
318 1804 463 1864 Antonius
483 1827 549 1864 rum
567 1807 706 1866 tredecim
724 1809 767 1866 le·-

108 1884 223 1945 'ouibus
242 1882 375 1966 ingreiius
394 1885 562 1945 Armeniam
576 1922 590 1958 ‚·
605 1907 637 1946 ac
660 1887 777 1948 deinde.

87 1905 222 2026 Xlediam
236 2009 249 2035 ,
263 1967 294 2024 ὃ(
307 1985 360 2045 per
373 1985 420 2025 eas
433 1968 565 2047 regiones
579 1966 696 2027 Parthos
714 1989 769 2050 pe-

87 2061 181 2114 tens,
194 2044 292 2104 habuit
309 2067 407 2128 regem
425 2066 525 2106 eorum
543 2046 662 2108 obvium
680 2069 689 2122 ;
709 2051 772 2131 pri*

88 2125 200 2208 uroque
216 2126 284 2185 duas
302 2125 429 2208 legiones
445 2147 510 2187 cum
523 2129 656 2189 omnibus
674 2132 768 2210 impe·

89 2205 226 2270 dimentis
243 2205 447 2296 tormentisque
465 2209 498 2268 ἃ
521 2207 647 2269 Statiano
670 2210 771 2290 legato

90 2288 187 2344 amisit
200 2307 206 2343 :
219 2308 288 2345 mox
304 2286 403 2365 saepius
418 2286 498 2367 ipse,
513 2287 706 2348 comsummo
720 2308 769 2348 to·

88 2367 145 2425 tius
164 2367 303 2426 exercitus
321 2365 481 2426 discrimine
490 2407 506 2440 ‚-
517 2387 552 2426 ea
569 2368 636 2427 adiit
654 2371 769 2450 pericu·

89 2445 139 2521 la,
159 2467 176 2506 e
200 2447 302 2526 quibus
323 2445 427 2507 servari
445 2445 476 2506 se·
494 2445 574 2529 polle
595 2446 777 2528 desperem-s

89 2544 133 2584 rat
153 2547 162 2597 ;
185 2525 337 2608 amiteque
360 2550 419 2587 non
446 2530 539 2588 miuus
580 2529 659 2588 uasti
687 2546 772 2610 parte

89 2607 216 2666 militum
229 2650 238 2677 ‚
250 2611 355 2687 captivi
372 2606 538 2685 cujusdam,
558 2551 606 2668 ieri
622 2609 771 2684 Romani,

91 2685 215 2780 oonsilio
232 2708 264 2746 ac
283 2685 341 2747 fide
358 2687 506 2750 servatur:
525 2691 574 2772 qui
592 2689 672 2750 clade
684 2689 773 2752 Cras·

92 2769 164 2829 sani
175 2767 315 2831 exercitlls
325 2787 424 2854 captus
430 2815 443 2846 ,
451 2791 541 2855 quum
551 2769 695 2835 fortunam
707 2790 772 2834 nou
