2020 3618
223 337 291 407 ¹04
346 315 382 386 C.
410 319 543 386 Vnt.
569 311 770 384 Patrae.
829 335 831 342 ·
865 380 868 384 ,

218 433 333 508 cissent,
344 447 482 516 quantum
490 431 665 512 reipublicae.
670 429 817 513 interfuit,
830 429 902 493 Ca:

221 515 313 577 sarem
328 515 423 596 potius
433 513 537 572 habete
549 510 636 594 quim
646 510 808 576 Antonium
819 513 903 595 prin·
994 523 995 530 ’

221 600 339 678 cipem3
356 609 467 654 tantum
488 590 624 652 retulisset
644 592 756 654 habere'
766 591 900 654 Brutum
954 631 958 639 ·

243 676 308 736 uim
329 671 472 735 Cassium.
495 670 551 734 Cn.
572 670 739 747 Domitius,
756 689 842 754 pater
864 674 899 735 L.

220 698 366 835 ssomifli,
382 773 502 836 nupera
514 752 599 813 nobis
615 755 691 827 visi,
707 756 901 814 eminentissi-

220 856 275 896 mae
291 857 323 895 ac
340 835 524 896 nobilissima
541 833 727 916 simplicitatis
740 836 813 907 viri,
826 855 899 895 avus
986 852 990 862 ·

219 915 304 996 hujus
320 913 376 978 Cu.
394 913 520 976 Domitii
533 915 679 974 clarissimi
691 911 829 993 juvenis,
848 935 899 976 oc·

221 999 331 1078 cupatis
350 997 488 1068 navibus,
508 1016 574 1056 curn
592 1015 698 1076 magno
717 993 899 1076 sequentium
978 1050 983 1061 ,

220 1077 341 1137 consilia
358 1075 405 1136 sua
423 1077 560 1137 comitatu
576 1074 651 1156 fugae
670 1072 851 1157 fortunaque
869 1074 897 1135 se
978 1094 987 1155 ᾗ

223 1158 390 1228 commisit,
405 1153 556 1236 semetipso
571 1171 723 1215 contentus
741 1154 817 1216 duce
834 1175 899 1236 par·
978 1182 986 1235 g

220 1243 304 1298 tium.
323 1235 425 1297 Statius
438 1235 575 1309 Murcus,
591 1237 641 1316 qui
658 1235 740 1296 classi
755 1235 788 1296 &
802 1234 912 1296 custo.

224 1318 278 1378 diae
292 1320 376 1377 maris
390 1315 543 1398 praefuerat
554 1359 564 1388 ,
575 1336 643 1376 cum
656 1317 735 1376 omni
751 1313 900 1376 commissa

224 1398 277 1457 sibi
287 1413 368 1478 parte
378 1395 519 1457 exercitlls
529 1397 723 1476 naviumque,
735 1395 801 1457 Sex.
814 1396 901 1457 Pom·

223 1480 321 1559 peium
337 1474 394 1538 Cn.
405 1476 506 1559 Magni
522 1473 632 1554 filium,
649 1477 698 1559 qui
712 1497 748 1536 ex
763 1475 902 1558 Hispania

223 1573 372 1617 revertens
387 1556 511 1618 Siciliam
527 1558 613 1616 armis
623 1573 837 1639 occupaverat,
850 1578 902 1640 pe·

223 1640 258 1698 tit
272 1660 280 1712 ;
300 1637 338 1697 ad
354 1657 440 1719 quem
455 1638 487 1700 &
500 1657 517 1698 e
528 1636 667 1698 Brutianis
681 1636 796 1711 castris,
813 1639 847 1700 &
863 1658 902 1699 ex

223 1717 306 1779 ltalia
316 1718 432 1800 aliisque
440 1735 580 1778 tertarum
591 1719 732 1800 partibus,
744 1740 817 1801 quos
828 1739 903 1800 prae-

223 1797 297 1860 senti
321 1800 449 1880 periculo
473 1798 588 1860 fortuna
611 1797 810 1874 subduxerat,
827 1821 903 1940 pto-

223 1879 322 1962 scripti
333 1879 534 1956 confluebant:
549 1881 596 1961 qui
619 1899 656 1960 pe
667 1879 777 1940 nullum
790 1881 826 1940 ha
849 1901 903 1940 en-

224 1962 300 2022 tibus
321 1959 424 2022 statum
448 1961 568 2042 quilibet
589 1902 647 2020 ‹lux
670 1979 731 2020 erat
755 1959 905 2035 idoneud}

224 2061 315 2122 quum
331 2039 445 2100 fortuna
464 2061 524 2100 non
541 2039 711 2101 eleslionem
731 2041 831 2116 daret,
851 2039 907 2102 sed

224 2119 387 2201 perfugium
402 2118 568 2180 ostenderet
584 2142 593 2194 ;
613 2122 814 2202 exitialemque
831 2138 908 2183 tem·

225 2197 363 2281 pestatem
375 2199 546 2341 supientibus
558 2198 639 2260 statio
650 2222 705 2283 pto
716 2219 802 2282 portu
814 2200 909 2266 soret.

212 2294 215 2299 “
266 2279 403 2342 LXXII
429 2279 514 2341 .Hic
536 2280 701 2342 adolescens
723 2300 783 2342 erat
803 2281 909 2346 studiis

223 2361 322 2432 rudis,
332 2361 464 2423 sermone
474 2363 625 2435 barbatus,
634 2364 745 2443 impetu
756 2361 912 2440 strenuus,

224 2461 311 2502 manu
333 2458 483 2522 promptus
495 2485 508 2513 ‚
527 2445 700 2537 cogitatione
724 2443 823 2517 celer,
846 2444 910 2508 fide

246 2523 297 2580 atri
315 2521 539 2597 dissimillimus,
556 2523 723 2584 libertorum
740 2521 860 2584 suorum
876 2528 912 2587 li·

207 2543 352 2678 ‚Eertun
378 2601 585 2685 servorumque
613 2602 741 2678 servus,
767 2602 913 2684 speciosis

224 2681 378 2755 invidens,
404 2699 435 2742 ut
459 2700 572 2762 pateret
595 2684 759 2744 humillimis
782 2705 790 2744 ε
817 2708 914 2768 quem

219 2759 334 2826 senatus
361 2782 437 2844 pene
458 2779 534 2824 totus
561 2763 653 2844 adhuc
677 2785 694 2836 e
718 2764 920 2848 Pompeianis
