2014 3620
240 329 287 424 76
362 329 397 400 C.
426 333 558 400 Vrrr.
583 331 783 401 PArnuc.

239 449 344 532 Neque
366 447 430 530 post
448 447 595 508 Numidici
617 449 748 508 exsilium
769 465 817 509 aut
841 451 924 513 redi·

238 548 319 603 tum,
337 528 485 610 quisquam
504 546 552 588 aut
573 528 703 610 expulsus
722 531 921 605 invidiosius,

240 629 288 672 aut
310 628 442 748 receptus
468 607 509 668 est
531 608 622 668 laetius
644 631 651 668 :
676 609 757 688 cujus
780 611 886 672 domus
909 658 921 686 ,

239 691 325 772 quarn
345 692 374 748 in
387 688 445 748 elle
462 711 479 748 a
496 687 605 750 Clodio
623 688 739 767 disjecla
759 709 841 767 etat,
859 711 922 755 ram

239 775 256 832 s
273 771 369 831 eciose
380 793 396 829 a
407 767 503 830 senatu
514 768 641 829 restituta
653 770 703 830 est.
714 770 796 830 ldem
805 771 837 833 P.
848 772 922 834 Clo·

239 795 302 912 clius
314 854 343 911 iu
362 850 478 924 senatu,
490 849 541 910 sub
558 849 851 912 honorificentissimo
865 857 922 914 mi·

240 933 349 992 nisterii
362 932 464 1004 titul0‚
476 931 519 991 Μ.
530 929 674 992 Catonern
687 953 703 991 a
716 933 863 1014 republica
875 955 921 994 re·

237 1015 364 1096 legavit:
378 1015 485 1095 quippe
501 1013 595 1094 legem
610 1013 697 1086 tulit,
712 1030 743 1072 ut
755 1016 779 1072 is
793 1012 920 1094 quaestor

240 1115 307 1154 cum
319 1093 381 1173 jure
399 1095 553 1174 praetorio‚
568 1091 679 1169 adjeclo
695 1096 782 1152 etiam
794 1094 921 1175 qu'aestm

239 1197 297 1250 re,
320 1177 480 1234 mitteretur
505 1176 534 1232 in
557 1172 676 1232 insulam
699 1171 861 1255 Cyprum,
882 1177 919 1236 ad

240 1255 421 1337 spoliandum
439 1273 529 1335 regno
549 1251 756 1324 Ptolemaeum,
781 1256 919 1316 omnibus

240 1355 356 1396 morum
374 1337 452 1393 vitiis
471 1355 536 1393 eam
554 1333 756 1394 contumeliam
772 1338 919 1397 meritum.

241 1414 300 1474 Sed
314 1415 383 1487 ille,
396 1412 445 1473 sub
459 1414 616 1474 adventum
629 1412 769 1488 Catonis,
782 1418 851 1476 virae
862 1415 919 1477 suae

241 1497 303 1556 vim
319 1497 414 1554 intulit
426 1496 521 1554 tunde
539 1496 690 1574 pecuniam
708 1495 794 1635 lonpe
809 1494 920 1578 sperari

242 1577 387 1655 maiorem
404 1573 480 1636 Caro
495 1575 621 1635 Romam
640 1576 743 1635 retulit.
784 1574 827 1655 jus
844 1580 923 1638 inte·

243 1659 375 1740 gritatem
386 1655 512 1728 laudari,
524 1655 603 1715 nefas
615 1654 654 1715 est
664 1678 671 1716 :
683 1655 832 1716 insolentia
865 1679 920 1720 ene

243 1740 322 1822 argui
340 1735 454 1819 potest,
471 1737 575 1818 quid,
597 1735 654 1796 una
672 1757 738 1796 curn
757 1679 924 1812 consulbus,

243 1841 277 1880 ac
298 1818 395 1878 senatu
419 1815 509 1877 effusi
532 1818 647 1877 civitate
670 1817 810 1891 obviam,
829 1841 920 1901 quum

243 1919 298 1986 per
315 1897 447 1959 Tiberim
465 1898 569 1957 subiret
587 1898 728 1973 navibus,
744 1920 803 1958 non
818 1901 884 1960 ante
897 1903 921 1960 is

244 1979 369 2064 egressus
386 1978 445 2048 est,
460 1978 546 2060 quim
561 1979 597 2037 ad
614 1999 680 2038 eum
699 1980 796 2039 locum
813 2000 923 2062 perve-
996 1993 997 2044 3

243 2065 306 2131 nit,
324 2059 374 2117 ubi
394 2074 453 2118 erat
471 2059 641 2138 exponenda
658 2061 787 2139 pecunia.
996 2055 997 2078 ³

285 2137 397 2198 XLVI.
412 2138 515 2216 Quum
528 2139 632 2198 deinde
641 2143 778 2199 immanes
790 2160 855 2215 res,
868 2143 922 2203 vix

244 2220 342 2280 multis
354 2219 549 2280 voluminibus
562 2221 742 2301 explicandas
754 2265 763 2293 ‚
775 2219 811 2282 C.
824 2220 923 2282 Caesar

245 2304 275 2360 in
292 2300 388 2362 Gallia
408 2319 504 2383 ageret
522 2322 531 2372 ;
548 2321 600 2360 nec
621 2316 771 2360 contentus
789 2302 922 2381 plurimis

245 2401 278 2441 ac
298 2381 469 2441 felicissimis
487 2382 636 2454 villoriis,
655 2381 923 2445 innumerabilibus·
993 2409 994 2442 1

247 2481 304 2543 que
335 2463 415 2520 caesis
443 2463 474 2522 &
500 2464 589 2541 capris
613 2459 736 2522 hostium
763 2461 923 2536 millibus,
992 2519 993 2526 ,

246 2545 332 2602 eriam
351 2544 379 2599 in
395 2542 568 2602 Britanniam
582 2540 729 2620 trajecillet
743 2546 923 2620 exercitum,

246 2621 368 2681 alterum
385 2643 459 2702 pene
477 2622 599 2702 imperio
617 2620 714 2682 nostro
727 2643 759 2682 ac
773 2621 825 2682 suo
843 2645 925 2705 quae·

245 2721 312 2761 rens
329 2702 431 2762 orbem
448 2703 653 2782 :interim-par
668 2700 816 2762 consulum
834 2705 925 2767 Pom·

245 2784 368 2868 peius&
380 2780 491 2844 Crassus
501 2782 619 2844 alterum
630 2785 717 2845 iniere
730 2783 925 2858 consulatum,
