2020 3618
204 359 205 367 Ν
261 346 330 416 124
381 325 415 395 C.
446 301 587 395 Varro
608 319 810 395 Parare.

298 445 412 508 XCII.
432 445 602 506 Praeclarum
622 444 787 504 excellentis
805 446 860 504 viri
877 443 940 508 fac·

256 547 319 590 tum
330 526 366 589 C.
376 526 466 588 Sentii
479 525 620 586 Saturnini
634 571 643 596 ‚
659 527 733 585 circa
751 545 785 584 ea
802 542 939 606 tempora

255 607 405 680 consulis,
426 627 462 666 ne
484 607 630 666 fraudetur
649 606 801 665 memoria.
824 607 940 668 Aberat

253 693 286 750 in
299 688 462 750 ordinandis
475 688 552 747 Asiae
569 685 756 767 Orientisque
769 687 855 746 rebus
870 685 939 748 Cae-

258 770 319 841 sar,
335 767 543 828 circumferens·
555 783 694 828 terrarum
708 766 773 826 orbi
786 765 939 848 praesentid

255 849 305 910 sual
327 852 406 930 pacis
430 848 485 909 suae
506 849 609 908 bona:
634 865 696 908 tum
721 845 836 907 Sentius
858 847 937 909 forte

247 933 291 993 ’ἃ
306 929 381 990 solus
401 931 434 990 ὅ(
450 927 564 990 absente
581 926 693 992 Caesare
712 926 831 1001 consul,
845 947 938 1009 quum

255 1014 331 1086 alia,
349 1011 439 1093 prisci
453 1011 605 1070 severitate
620 1005 787 1090 summaque
800 1007 939 1069 constan-

250 1094 321 1166 tia,
342 1110 443 1170 vetere
461 1089 609 1151 consulum
628 1109 710 1150 more
729 1111 762 1148 ac
784 1086 939 1152 severitate

254 1171 406 1256 gessisset,
449 1169 605 1232 rotraxisset
621 1169 843 1252 publicanorum
858 1169 940 1232 frau-

251 1257 309 1314 des
321 1297 329 1326 ,
340 1195 459 1335 punislit
469 1255 637 1324 avaritiam,
651 1247 811 1333 regessilset
822 1253 853 1310 in
867 1273 940 1312 aera-

255 1337 332 1394 rium
352 1335 489 1414 pecunias
507 1332 655 1414 publicas,
673 1348 734 1391 turn
757 1333 786 1390 in
808 1335 940 1394 comitiis

255 1414 396 1474 habendis
409 1416 586 1495 precipuum
604 1416 662 1494 egit
677 1410 826 1473 consulem
843 1436 850 1472 r
868 1435 940 1474 nam

255 1497 291 1555 ὃ(
304 1493 472 1575 quaelluram
488 1511 638 1574 petentes,
652 1513 725 1574 quos
742 1493 881 1575 Indignos
896 1493 940 1574 ju·

257 1577 364 1635 dicavit
375 1603 388 1647 ‚·
398 1573 529 1656 profiteri
546 1577 659 1647 vetuit·,
676 1575 708 1635 &
725 1595 815 1655 quum
830 1575 861 1632 id
878 1574 939 1635 sac-

256 1675 337 1717 turos
352 1655 380 1716 se
398 1654 633 1736 perseverarent,
652 1652 852 1728 consularem,
869 1659 939 1716 siin

253 1754 391 1820 campum
406 1734 628 1806 descendissent,
640 1733 797 1796 vindislam
809 1738 938 1796 minatus

249 1819 298 1880 'esi
311 1841 321 1894 ;
335 1817 528 1899 &Egnatium
541 1861 549 1890 ‚
562 1818 713 1876 florentem
725 1813 826 1875 favore
840 1819 938 1898 publi·

257 1922 312 1978 co,
325 1899 561 1981 sperantemque,
576 1915 607 1958 ut
625 1914 777 1978 praeturam
789 1897 939 1970 aedIIitati,

180 2049 181 2054 ἵ
252 1983 295 2040 ita
305 1980 480 2039 consulatum
493 1995 620 2060 praetutae
633 1977 660 2037 se
670 1975 832 2056 iundurum
841 2023 854 2050 ,
868 2000 940 2120 pro·

251 2059 335 2118 =fiteri
347 2062 462 2131 vetuit3
478 2061 510 2120 &
527 2079 616 2140 quum
632 2059 662 2118 id
675 2079 734 2116 non
751 2058 865 2119 othnui
891 2077 940 2134 et,

256 2139 361 2222 juravit
377 2185 385 2208 ,
403 2141 536 2198 etiam‘si
559 2137 647 2198 sadus
666 2137 734 2198 esset
746 2161 747 2164 ¹
760 2138 862 2199 consul
881 2140 940 2200 sus·
1002 2167 1004 2170 ·

253 2220 351 2303 fragiis
371 2221 472 2302 populi
482 2236 498 2293 ‚·
507 2235 602 2281 tamen
617 2218 648 2279 'se
665 2223 734 2278 'eum
751 2241 812 2278 non
830 2241 940 2281 renun-

253 2306 398 2361 tiaturum.
416 2299 509 2380 Quod
527 2311 582 2384 ego
597 2297 702 2360 sadum
718 2301 838 2360 cuilibet
854 2319 941 2362 vete·

251 2403 319 2442 rum
334 2381 482 2440 consulum
499 2381 595 2462 gloriae
606 2381 833 2461 comparandum
846 2403 939 2454 reor,

252 2465 309 2522 nisi
325 2463 405 2542 qubd
417 2461 579 2522 naturaliter
594 2461 687 2521 audita
698 2463 767 2520 visis
783 2462 939 2524 laudamus

250 2543 390 2622 libentibs
407 2563 415 2614 ;
435 2544 466 2603 &
482 2539 627 2622 praesentia
643 2541 772 2613 invidia,
790 2540 941 2622 prae'terita

251 2627 442 2682 veneratione
453 2621 649 2703 prosequimur
658 2643 667 2695 3
676 2623 708 2684 ὃ(
716 2623 759 2681 his
769 2643 824 2682 nos
833 2624 939 2696 obrui,

248 2703 311 2784 illis
328 2701 426 2761 instrui
446 2704 596 2763 credimus.
825 2715 831 2722 ’

294 2780 448 2858 XCIII.
470 2784 547 2845 Ante
572 2784 727 2844 trIennium
754 2777 817 2843 ferb
845 2784 938 2866 quam
