2014 3620
243 317 292 389 42
367 297 402 366 C.
430 300 561 368 Vena.
587 295 790 367 Pareae.

159 482 162 486 ,
244 417 363 479 Asinius
384 461 394 491 ,
415 413 534 476 lnsteius
559 412 635 476 Cato
646 459 658 487 ,
684 413 721 477 C.
742 414 899 478 Pontidius
917 425 932 494 ζ

243 497 396 559 Telesinus
414 496 552 570 Pontius,
569 494 677 556 Marius
695 495 855 579 Egnatius,
872 498 930 558 Pa-

241 580 307 661 pius
326 576 454 636 Mutilus.
472 576 577 657 Neque
596 595 652 658 ego
669 578 849 638 verecundiai
869 579 928 641 do-

215 717 222 736 ,
242 655 353 718 mestici
373 655 513 739 sanguinis
534 655 633 738 gloriae
651 658 831 738 quidquam,
852 658 928 720 dum

243 759 346 798 verum
360 737 472 805 resero,
489 735 666 808 subtraham:
679 741 787 819 quippe
798 739 928 800 multum

243 817 359 878 Minatii
382 817 473 899 Magii
490 861 500 891 ,
520 819 594 876 atavi
618 820 676 878 mei
699 817 925 892 Asculanensis,

243 899 431 958 tribuendum
441 896 482 958 est
493 899 641 959 memoriae
652 919 661 971 3
672 901 721 978 qui
733 919 825 980 nepos
835 898 935 960 Decii-

244 977 355 1060 Magii,
374 977 590 1060 Campanorum
609 980 743 1059 principis
764 1023 773 1050 ,
791 980 927 1040 celeber·-
970 1043 972 1046 ,

243 1062 306 1119 rimi
323 1057 531 1120 &fidelissimi
545 1059 622 1130 viri,
641 1074 747 1118 tantam
766 1059 823 1120 hoc
842 1061 926 1124 b‘ello

243 1133 384 1202 Romanis
398 1138 487 1200 fidein
502 1137 631 1220 praestitit
643 1183 652 1212 ,
663 1156 696 1200 ut
708 1159 775 1200 cum
786 1140 924 1223 legione,

244 1215 332 1302 quarn
345 1219 405 1301 ipse
419 1223 449 1279 in
466 1219 594 1299 Hirpinis
605 1217 827 1301 conscripserat,
845 1221 925 1282 Her-

244 1300 395 1360 culaneum
416 1299 500 1360 simul
523 1309 588 1359 eum
608 1297 647 1360 T.
670 1297 761 1360 Didio
783 1319 925 1384 caperet,

245 1380 401 1461 Pompeios
420 1400 486 1441 curn
502 1379 535 1440 L.
553 1377 629 1440 Sulla
645 1399 845 1463 oppugnaret,
859 1381 925 1444 Co·

245 1458 362 1541 samque
388 1477 543 1542 occuparet
566 1482 576 1534 ;
602 1457 683 1540 cujus
709 1463 745 1522 de
769 1463 927 1524 virtutibus

265 1561 334 1600 uum
356 1541 424 1618 alii,
445 1557 507 1601 rum
528 1541 652 1602 maxime
673 1541 855 1624 dilucideque
876 1543 922 1624 Q

244 1562 417 1682 slortensius
437 1623 465 1680 in
483 1621 642 1682 Annalibus
661 1620 716 1682 suis
734 1625 839 1686 retulit.
860 1622 922 1686 Cu·

242 1699 290 1783 jus
308 1705 406 1782 pietati
422 1703 538 1781 plenam
554 1701 678 1784 populus
695 1703 843 1788 Romanus
861 1725 924 1786 gra·

243 1784 313 1842 tiam
330 1783 442 1853 retulit,
453 1781 545 1862 ipsum
559 1785 666 1844 viritim
682 1785 798 1844 civitate
814 1783 924 1845 donan-

243 1863 306 1936 do,
327 1865 400 1923 duos
425 1862 500 1923 filios
525 1862 587 1943 ejus
615 1863 738 1923 creando
745 1882 922 2006 1praetores,

244 1963 334 2026 quum
359 1943 418 2003 seni
439 1943 532 2003 adhuc
553 1961 724 2004 crearentur.
775 1966 820 2004 am
843 1949 923 2007 varia

244 2041 329 2102 atque
349 2041 429 2081 atrox
451 2021 565 2082 fortuna
585 2021 675 2084 Italici
697 2025 767 2084 belli
792 2023 864 2100 suit,
891 2043 923 2089 ut

268 2123 299 2162 er
308 2101 456 2162 biennium
468 2105 634 2164 continuum
645 2105 704 2165 duo
715 2104 839 2174 Romani
851 2129 923 2168 con-

244 2124 341 2252 sules,
356 2181 479 2243 Rutilius
495 2204 527 2244 ac
544 2183 648 2245 deinde
665 2183 742 2246 Cato
756 2185 872 2246 Porcius
887 2189 922 2247 ab

244 2261 374 2326 hostibus
398 2263 626 2339 occiderentur3
650 2269 792 2326 exercitus
817 2266 922 2350 Populi

245 2342 371 2404 Romani
392 2346 489 2406 multis
512 2349 541 2405 in
564 2345 635 2405 locis
656 2343 863 2423 funderentur,
879 2365 924 2410 ut-

246 2442 303 2506 que
321 2423 358 2483 ad
375 2423 438 2507 saga
458 2427 566 2498 iretur,
589 2426 694 2508 diuque
715 2429 744 2486 in
766 2447 803 2487 eo
823 2427 922 2490 habitu
970 2503 972 2510 Ι

246 2519 424 2567 manereturs
445 2506 541 2588 Caput
564 2507 676 2588 imperii
698 2505 738 2566 sui
759 2505 923 2572 Corfinium

245 2583 393 2664 legerant,
430 2587 491 2647 uod
505 2587 682 2669 appellarent
696 2585 834 2649 Italicum.
852 2588 922 2649 Pau·

243 2663 325 2724 latim
342 2608 451 2726 deinde
463 2668 629 2748 recipiendo
645 2670 675 2727 in
692 2669 857 2741 civitatem,
873 2675 923 2752 qui

244 2763 324 2808 arma
340 2763 388 2810 aut
406 2767 466 2810 non
485 2765 640 2832 ceperunt,
659 2765 707 2810 aur
730 2747 923 2832 deposuerant
