2020 3618
234 318 284 394 80
365 321 400 391 C.
429 265 560 388 Vara.
588 317 786 388 Pnranc.

234 460 378 522 nequam,
393 440 424 502 dt
438 437 574 499 facundus
588 439 664 500 malo
678 439 794 520 publico
806 460 815 514 ;
830 436 914 519 cujus

234 523 353 594 animo,
373 520 567 601 voluptatibus
586 520 634 582 vel
651 519 839 594 libidinibus,
859 544 926 586 ne·;

234 623 292 685 que
310 621 381 682 opes
399 601 463 661 ullae
480 619 574 681 neque
593 619 628 661 tu
649 600 762 662 iditates
779 599 914 663 sufficere

234 681 356 777 pollent.
372 681 428 740 Hic
441 681 535 761 primb
551 701 605 761 pro
617 623 748 761 llompeii
764 684 914 763 partibus,

235 761 266 821 td
280 760 341 834 est,
360 778 391 820 ut
403 778 470 828 tunc
488 760 665 834 habebatur,
679 777 734 842 pro
747 763 913 843 republica,

235 863 306 903 mox
318 841 498 902 simulatione
510 857 609 902 contra
619 841 692 902 Pom
714 844 789 902 eiurn
800 845 833 904 ὃ(
845 842 915 908 Cae·

235 922 329 983 sarem
341 967 350 994 ,
369 921 418 983 sed
439 925 536 984 animo
556 943 609 1002 pro
633 865 745 983 Caellre
769 921 854 984 stetit.
878 922 914 984 ld

175 1013 177 1016 '
237 1005 323 1086 gratis
340 1025 376 1063 an
394 1020 515 1084 accepto
534 1004 640 1064 centies
657 1000 813 1062 sestertilrm
831 1003 928 1064 fecer

237 1087 332 1156 ecrit,
352 1100 383 1143 ut
400 1085 581 1164 accepimus,
600 1085 630 1141 in
649 1081 748 1144 medio
768 1083 915 1164 relinque-

237 1186 313 1226 mus.
327 1163 381 1224 'Ad
394 1165 526 1224 ultimum
541 1160 738 1224 saluberrimas
755 1163 787 1225 &
806 1161 916 1224 coales-

238 1246 330 1305 centis
352 1244 532 1304 conditiones
554 1245 652 1325 pacis,
671 1264 740 1326 quas
763 1243 796 1304 δι
816 1240 916 1304 Caesar

199 1362 204 1401 ,-
237 1321 391 1404 justissimo
408 1325 504 1385 animo
518 1323 694 1406 postulabat,
709 1325 741 1387 &
757 1321 916 1406 Pompeius

237 1424 324 1486 aequo
337 1406 393 1463 reci
416 1404 514 1476 iebat,
531 1401 660 1464 discussit
674 1425 707 1464 ac
720 1405 817 1484 rupit,
828 1405 916 1468 unici

238 1501 361 1544 cavente
403 1487 519 1545 icerone
531 1483 693 1546 concordiae
706 1483 840 1566 publicae.
853 1484 918 1544 lla·

237 1585 304 1624 rum
327 1567 589 1646 praeteritarumque
611 1585 706 1625 rerum
726 1565 800 1626 ordo
825 1587 917 1647 quum

237 1642 318 1726 justis
331 1645 451 1706 aliorum
465 1644 656 1705 voluminibus
667 1648 825 1726 promitur,
835 1663 918 1722 tum,

240 1729 283 1786 uti
298 1725 402 1807 spero,
420 1724 522 1786 nostris
540 1725 734 1808 explicabitur.

281 1805 399 1867 XLIX.
420 1805 505 1866 Nunc
523 1807 674 1888 proposito
693 1807 774 1887 operi
791 1804 839 1869 sua
854 1805 919 1868 for·

240 1908 290 1948 ma
299 1888 450 1959 reddatur,
460 1889 483 1948 si
494 1890 570 1968 prius
581 1885 733 1969 gratulatus
745 1907 795 1948 ero
807 1885 851 1966 Q.
861 1885 920 1948 Ca·

239 1968 325 2042 tulo,
350 1969 462 2028 duobus
482 1968 631 2042 Lucullis,
653 1967 858 2048 Metelloque,
885 1971 921 2031 &

239 2048 398 2108 Hortensio
412 2070 421 2122 ;
436 2049 485 2128 qui
497 2069 585 2131 quum
597 2051 658 2108 sine
670 2049 777 2110 invidia
788 2051 817 2108 in
831 2070 921 2132 repu-

238 2127 318 2188 blica
334 2125 510 2199 floruissent,
530 2128 764 2212 eminuillentque
784 2131 845 2188 sine
867 2151 921 2210 pe-

239 2207 352 2283 riculo,
368 2209 463 2289 quietd
482 2224 529 2268 aut
547 2211 623 2270 certe
641 2231 700 2271 non
721 2211 923 2291 praecipitarit,

239 2288 317 2350 fatali
329 2307 393 2350 ante
408 2291 518 2349 initium
527 2289 671 2351 bellorum
683 2291 812 2350 civilium
823 2310 923 2352 morte

240 2369 328 2436 fundi
344 2370 416 2430 sunt.
435 2370 559 2431 Lentulo
576 2371 607 2432 ὃ(
621 2370 760 2432 Marcello
773 2369 840 2431 coss.
856 2371 924 2452 post

155 2523 158 2531 ¹
239 2449 354 2513 Urbem
379 2451 525 2511 conditam
550 2453 630 2510 annis
656 2450 843 2533 septingentis
871 2455 926 2514 tri·

239 2530 314 2604 bus,
330 2532 362 2591 δι
377 2552 452 2590 anno
470 2530 676 2612 septuagesimo
693 2529 814 2602 odavo,
831 2533 926 2614 quim

239 2626 291 2681 tu,
309 2609 353 2670 M.
365 2611 462 2672 Vinici
473 2654 484 2684 ,
494 2611 670 2672 consulatum
686 2614 791 2685 inires,
808 2613 927 2676 bellum

241 2690 326 2750 civile
346 2695 457 2752 exarsit.
475 2693 602 2752 Alterius
620 2693 699 2752 ducis
719 2691 799 2760 causa
816 2695 927 2756 melior

240 2769 409 2850 videbatur,
423 2772 536 2844 alterius
548 2790 606 2835 erat
616 2771 737 2852 firmior.
748 2771 808 2834 Hic
821 2780 929 2858 ornnia
