2014 3620
247 282 385 351 Htsr.
411 283 563 351 Lssnn
582 250 636 352 11}
728 307 773 382 39

95 401 134 462 ab
158 398 300 481 equitibus
320 397 358 458 ad
379 415 447 458 eum
464 395 619 460 transferre
642 401 777 466 ordinem

96 479 221 562 [quippe
231 499 297 540 eam
306 477 477 561 potestatem
485 479 557 540 nacti
567 481 777 564 equitesGraet·

62 592 65 597 ·
97 561 197 621 chattis
208 560 332 644 legibus,
344 577 434 643 quum
446 563 475 619 in
486 562 592 622 multos
603 561 777 625 clarissimos

97 658 128 702 at
169 661 184 702 e
196 642 445 702 innocentissimos
459 645 537 702 viros
545 639 701 720 saevitiem,
713 661 777 706 tum

96 720 120 784 P
160 721 228 783 lium
245 722 406 794 Rutilium,
422 725 517 784 virum
534 741 594 784 non
610 721 697 784 seculi
714 723 778 802 sui,

42 806 47 812 ’
95 801 147 864 sed
171 806 267 864 omnis
294 805 351 863 aevi
376 804 546 884 optimum,
568 806 775 888 interrogatum

93 883 160 966 lege
174 884 419 965 repetundarum,
435 885 564 943 maximo
581 903 648 944 cum
665 889 774 967 gemitu

93 967 241 1038 civitatis,
258 965 464 1024 damnaverant
472 971 489 1036 ]Ι
504 966 534 1023 in
549 965 582 1022 iis
602 967 692 1044 ipsis,
709 983 774 1047 quoe

94 1065 150 1127 pro
162 1043 260 1105 senatu
271 1041 604 1116 moliebatur,senatum
615 1045 713 1106 habuit
723 1047 773 1106 ad·
816 1043 818 1050 ’

93 1124 273 1200 versarium,
290 1145 351 1188 non
371 1123 598 1206 intelligentem,
619 1127 642 1184 si
660 1145 716 1207 qua
736 1126 773 1186 de

16 1207 19 1216 ¹
93 1205 190 1300 plebis
206 1205 371 1266 commodis
387 1203 423 1264 ab
441 1223 477 1264 eo
495 1222 666 1286 agerentur,
682 1205 773 1266 veluti

93 1285 254 1346 inescandae
269 1285 478 1366 illiciendaeque
490 1285 677 1346 multitudinis
688 1286 772 1348 causi

93 1363 178 1442 fieri,
195 1383 228 1426 ut
246 1365 404 1428 minoribus
420 1368 562 1446 perceptis
578 1364 689 1448 majora
745 1389 773 1427 t·-

93 1449 231 1508 mitteret.
247 1445 384 1527 Denique
404 1467 438 1505 ea
454 1445 568 1507 fortuna
587 1445 676 1508 Drusi
694 1387 771 1522 ὦ,

93 1543 126 1587 ut
142 1525 289 1591 malefacta
306 1525 500 1608 collegarum,
517 1526 601 1609 quim
617 1525 678 1606 ejus
693 1531 771 1610 opti·

91 1608 140 1669 me
152 1606 261 1690 abipso
273 1610 417 1692 cogitata,
436 1604 545 1668 senatus
558 1608 695 1689 probaret
709 1629 771 1670 ma·

122 1710 135 1748 s
149 1711 159 1763 ;
175 1689 207 1752 δι
222 1688 385 1761 honorem,
404 1690 452 1769 qui
463 1688 499 1748 ab
516 1709 553 1748 eo
567 1687 771 1766 deferebatur,
859 1745 861 1749 .

90 1709 238 1849 ffserneret
254 1791 264 1842 ;
277 1767 412 1847 injurias,
430 1789 495 1849 quae
510 1767 546 1828 ab
562 1767 622 1828 aliis
636 1770 771 1830 intende·
794 1801 797 1807 ·

89 1849 216 1923 bantur,
233 1869 319 1928 aequo
334 1852 431 1907 animo
448 1850 590 1928 reciperet
608 1869 618 1918 ;
637 1851 670 1909 δι
687 1848 770 1931 hujus

89 1927 210 1992 summae
232 1927 331 2009 gloriae
351 1926 520 2000 invideret,
538 1926 654 1989 illorum
673 1930 771 1991 modi·

89 2029 155 2076 cam
171 2008 267 2069 ferret.

129 2086 225 2151 XIV.
246 2087 324 2150 Tum
347 2086 502 2150 conversus
521 2086 612 2150 Drusi
632 2091 767 2167 animus,

108 2171 206 2234 nando
227 2170 302 2230 bene
325 2187 422 2252 coepta
448 2169 523 2230 male
547 2170 711 2248 cedebant,
730 2174 767 2234 ad

85 2191 214 2314 dandam
226 2251 374 2312 civitatem
386 2249 485 2310 ltaliae.
496 2248 590 2328 Quod
601 2271 690 2331 quum
702 2273 767 2313 mo·

85 2332 161 2393 liens
181 2329 341 2392 revertiffet
360 2351 376 2390 e
396 2329 462 2391 foro
478 2375 488 2404 ,
505 2330 645 2389 immensi
665 2330 713 2391 illt
734 2334 767 2393 δι

83 2411 414 2556 distinete?
429 2409 774 2553 {addititii}

84 2573 207 2636 cultello
225 2571 392 2656 percussus,
409 2535 462 2654 'qni
480 2567 580 2630 affixus
601 2572 681 2632 lateri
702 2571 765 2652 ejus

83 2655 202 2716 relictus
223 2653 286 2729 est,
306 2656 381 2714 intra
397 2671 500 2734 paucas
518 2651 604 2712 horas
628 2652 765 2717 decessit.

82 2734 145 2800 Sed
158 2755 249 2818 quum
261 2735 395 2798 ultimum
410 2731 546 2798 redderet
560 2730 709 2814 spiritum,
719 2737 765 2794 in·
